=LDR  01240ntm a2200325Ii 4500
=001  uab09277645
=003  UAB
=005  20141013062259.0
=006  m|||||o||d||||||||
=007  cr||||||||||||
=008  141013t19751975xx\\\\\\obm\\\000\0\eng\d
=040  \\$aUAB$beng$erda$cUAB
=050  \4$aJQ298.I53$bS56 1975
=090  \\$aInternet Access$bAEU
=100  1\$aSingh, Mahendra Prasad,$eauthor.
=245  10$aSchism in a predominant party :$bthe Indian National Congress in 1969 /$cby Mahendra Prasad Singh.
=264  \1$c[1975]
=264  \4$c©1975
=300  \\$a1 online resource (xviii, 425 pages)
=336  \\$atext$btxt$2rdacontent
=337  \\$acomputer$bc$2rdamedia
=338  \\$aonline resource$bcr$2rdacarrier
=500  \\$a"A thesis submitted to the Faculty of Graduate Studies and Research in partial fulfilment of the requirements for the degree of Doctor of Philosophy in Political Science."
=502  \\$bPh. D.$cUniversity of Alberta$d1975.
=504  \\$aIncludes bibliographical references (pages 417-423).
=610  20$aIndian National Congress$xHistory.
=651  \0$aIndia$xPolitics and government$y1947-
=650  \0$aIndia$xEconomic policy.
=900  \\$aNK26917
=949  \\$zUAIN$zETHESIS
=987  \\$amissing$b710$dNo department specified

