=LDR  01221ntm a2200313Ii 4500
=001  uab09277150
=003  UAB
=005  20141009180301.0
=006  m|||||o||d||||||||
=007  cr||||||||||||
=008  141009t19741974xx\\\\\\obm\\\000\0\eng\d
=040  \\$aUAB$beng$erda$cUAB
=050  \4$aSF99.R37$bO46 1974
=090  \\$aInternet Access$bAEU
=100  1\$aOlomu, J. M.$q(Julius Macdonald),$eauthor.
=245  10$aEvaluation of rapeseed and rapeseed meal as energy and protein sources for chickens /$cby Julius MacDonald Olomu.
=264  \1$c[1974]
=264  \4$c©1974
=300  \\$a1 online resource (xiv, 122 pages)
=336  \\$atext$btxt$2rdacontent
=337  \\$acomputer$bc$2rdamedia
=338  \\$aonline resource$bcr$2rdacarrier
=500  \\$a"A thesis submitted to the Faculty of Graduate Studies and Research in partial fulfilment of the requirements for the degree of Doctor of Philosophy in Poultry Nutrition, Department of Animal Science."
=502  \\$bPh. D.$cUniversity of Alberta$d1974.
=504  \\$aIncludes bibliographical references (pages 106-114).
=650  \0$aFeeds.
=650  \0$aRapeseed products.
=710  2\$aUniversity of Alberta.$bDepartment of Animal Science.
=900  \\$aNK21080
=949  \\$zUAIN$zETHESIS

