=LDR  01324ntm a2200337Ii 4500
=001  uab09275113
=003  UAB
=005  20141003061339.0
=006  m|||||o||d||||||||
=007  cr||||||||||||
=008  141003t19711971xx\ad\\\obm\\\000\0\eng\d
=040  \\$aUAB$beng$erda$cUAB
=043  \\$an-cn-ab
=050  \4$aSF396.C2$bW55 1971
=090  \\$aInternet Access$bAEU
=100  1\$aWilson, Bryson Raymond,$eauthor.
=245  14$aThe use of prediction equations in the analysis of a pig production experiment /$cby Bryson Raymond Wilson.
=264  \1$c[1971]
=264  \4$c©1971
=300  \\$a1 online resource (123, ix pages) :$billustrations
=336  \\$atext$btxt$2rdacontent
=337  \\$acomputer$bc$2rdamedia
=338  \\$aonline resource$bcr$2rdacarrier
=500  \\$a"A thesis submitted to the Faculty of Graduate Studies and Research in partial fulfilment of the requirements for the degree of Doctor of Philosophy, Department of Animal Science."
=502  \\$bPh. D.$cUniversity of Alberta$d1971.
=504  \\$aIncludes bibliographical references (pages 119-123).
=650  \0$aSwine$xEconomic aspects$zAlberta.
=650  \0$aSwine$xFeeding and feeds$zAlberta.
=650  \0$aSwine$xNutrition$xRequirements$zAlberta.
=710  2\$aUniversity of Alberta.$bDepartment of Animal Science.
=900  \\$aNK08134
=949  \\$zUAIN$zETHESIS

