=LDR  01290ntm a2200337Ii 4500
=001  uab09276919
=003  UAB
=005  20141009125014.0
=006  m|||||o||d||||||||
=007  cr||||||||||||
=008  141009t19731973xx\a\\\\obm\\\000\0\eng\d
=040  \\$aUAB$beng$erda$cUAB
=050  \4$aSF98.P7$bN49 1973
=090  \\$aInternet Access$bAEU
=100  1\$aNewell, Jorge Alfredo,$eauthor.
=245  10$aComparison of boars, barrows and gilts as meat producing animals /$cby Jorge Alfredo Newell.
=264  \1$c[1973]
=264  \4$c©1973
=300  \\$a1 online resource (81, iii pages) :$billustrations
=336  \\$atext$btxt$2rdacontent
=337  \\$acomputer$bc$2rdamedia
=338  \\$aonline resource$bcr$2rdacarrier
=500  \\$a"A thesis submitted to the Faculty of Graduate Studies and Research in partial fulfilment of the requirements for the degree of Doctor of Philosophy in Animal Nutrition, Department of Animal Science."
=502  \\$bPh. D.$cUniversity of Alberta$d1973.
=504  \\$aIncludes bibliographical references (pages 72-81).
=650  \0$aProteins in animal nutrition.
=650  \0$aBoars$xNutrition.
=650  \0$aSows$xNutrition.
=650  \0$aAnimal nutrition.
=710  2\$aUniversity of Alberta.$bDepartment of Animal Science.
=900  \\$aNK15294
=949  \\$zUAIN$zETHESIS

