=LDR  01319ntm a2200325Ii 4500
=001  uab09277000
=003  UAB
=005  20141009144935.0
=006  m|||||o||d||||||||
=007  cr||||||||||||
=008  141009t19741974xx\ad\\\obm\\\000\0\eng\d
=040  \\$aUAB$beng$erda$cUAB
=050  \4$aRC632.H88$bG63 1974
=090  \\$aInternet Access$bAEU
=100  1\$aGodolphin, William John Peter,$eauthor.
=245  10$aType III hyperlipoproteinemia :$bgenetics, diagnosis and very low density apolipoproteins /$cby William John Peter Godolphin.
=264  \1$c[1974]
=264  \4$c©1974
=300  \\$a1 online resource (xiv, 100 pages) :$billustrations
=336  \\$atext$btxt$2rdacontent
=337  \\$acomputer$bc$2rdamedia
=338  \\$aonline resource$bcr$2rdacarrier
=500  \\$a"A thesis submitted to the Faculty of Graduate Studies and Research in partial fulfilment of the requirements for the degree of Doctor of Philosophy, in Clinical Biochemistry, Department of Biochemistry."
=502  \\$bPh. D.$cUniversity of Alberta$d1974.
=504  \\$aIncludes bibliographical references (pages 89-99).
=650  \0$aHyperlipoproteinemia$xDiagnosis.
=650  \0$aHyperlipoproteinemia$xGenetics.
=650  \0$aApolipoproteins.
=710  2\$aUniversity of Alberta.$bDepartment of Biochemistry.
=900  \\$aNK21017
=949  \\$zUAIN$zETHESIS

