=LDR  01315ntm a2200325Ii 4500
=001  uab09277625
=003  UAB
=005  20141013062259.0
=006  m|||||o||d||||||||
=007  cr||||||||||||
=008  141013t19751975xx\ad\\\obm\\\000\0\eng\d
=040  \\$aUAB$beng$erda$cUAB
=050  \4$aQD96.X2$bM38 1975
=090  \\$aInternet Access$bAEU
=100  1\$aMatsushima, Masaaki,$eauthor.
=245  10$aX-ray structural studies :$bmodel compounds for NADH coenzymes, the anomeric effect in the system C-O-C-N, and intramolecular hydrogen bonding in the maleate monoanion /$cby Masaaki Matsushima.
=264  \1$c[1975]
=264  \4$c©1975
=300  \\$a1 online resource (xix, 195 pages) :$billustrations
=336  \\$atext$btxt$2rdacontent
=337  \\$acomputer$bc$2rdamedia
=338  \\$aonline resource$bcr$2rdacarrier
=500  \\$a"A thesis submitted to the Faculty of Graduate Studies and Research in partial fulfilment of the requirements for the degree of Doctor of Philosophy, Department of Biochemistry."
=502  \\$bPh. D.$cUniversity of Alberta$d1975.
=504  \\$aIncludes bibliographical references (pages 185-191).
=650  \0$aX-ray spectroscopy.
=650  \0$aHydrogen bonding.
=650  \0$aAnions.
=710  2\$aUniversity of Alberta.$bDepartment of Biochemistry.
=900  \\$aNK26845
=949  \\$zUAIN$zETHESIS

