=LDR  01221ntm a2200325Ii 4500
=001  uab09276693
=003  UAB
=005  20141008201401.0
=006  m|||||o||d||||||||
=007  cr||||||||||||
=008  141008t19731973xx\ad\\\obm\\\000\0\eng\d
=040  \\$aUAB$beng$erda$cUAB
=050  \4$aQD75.2$b.R33 1973
=090  \\$aInternet Access$bAEU
=100  1\$aRadcliffe, Robert D.,$eauthor.
=245  10$aIsolation and physico-chemical characterization of activated bovine factor X /$cby Robert D. Radcliffe.
=264  \1$c[1973]
=264  \4$c©1973
=300  \\$a1 online resource (xxi, 155 pages) :$billustrations
=336  \\$atext$btxt$2rdacontent
=337  \\$acomputer$bc$2rdamedia
=338  \\$aonline resource$bcr$2rdacarrier
=500  \\$a"A thesis submitted to the Faculty of Graduate Studies and Research in partial fulfilment of the requirements for the degree of Doctor of Philosophy, Department of Biochemistry."
=502  \\$bPh. D.$cUniversity of Alberta$d1973.
=504  \\$aIncludes bibliographical references (pages 146-155).
=650  \0$aChemistry, Analytic.
=650  \0$aCitrates.
=650  \0$aThrombin.
=710  2\$aUniversity of Alberta.$bDepartment of Biochemistry.
=900  \\$aNK15321
=949  \\$zUAIN$zETHESIS

