=LDR  01351ntm a2200325Ii 4500
=001  uab09274661
=003  UAB
=005  20141002052348.0
=006  m|||||o||d||||||||
=007  cr||||||||||||
=008  141002t19691969xx\ad\\\obm\\\000\0\eng\d
=040  \\$aUAB$beng$erda$cUAB
=050  \4$aRC271.N83$bW36 1969
=090  \\$aInternet Access$bAEU
=100  1\$aWang, Ming Chang,$eauthor.
=245  14$aThe biochemical basis for the therapeutic synergism resulting from the combined use of 6-mercaptopurine and 6-(methylmercapto)purine ribonucleoside in the treatment of experimental tumors /$cby Ming Chang Wang.
=264  \1$c[1969]
=264  \4$c©1969
=300  \\$a1 online resource (xiii, 110 pages) :$billustrations
=336  \\$atext$btxt$2rdacontent
=337  \\$acomputer$bc$2rdamedia
=338  \\$aonline resource$bcr$2rdacarrier
=500  \\$a"A thesis submitted to the Faculty of Graduate Studies and Research in partial fulfilment of the requirements for the degree of Doctor of Philosophy, Department of Biochemistry."
=502  \\$bPh. D.$cUniversity of Alberta$d1969.
=504  \\$aIncludes bibliographical references (pages 102-110).
=650  \0$aNucleosides$xTherapeutic use.
=650  \0$aTumors in animals.
=650  \0$aMice$xDiseases.
=710  2\$aUniversity of Alberta.$bDepartment of Biochemistry.
=900  \\$aNK03873
=949  \\$zUAIN$zETHESIS

