=LDR  01119ntm a2200301Ii 4500
=001  uab09277189
=003  UAB
=005  20141004091536.0
=006  m|||||o||d||||||||
=007  cr||||||||||||
=008  141004t19721972xx\ad\\\obm\\\000\0\eng\d
=040  \\$aUAB$beng$erda$cUAB
=050  \4$aQP609.P55$bC44 1972
=090  \\$aInternet Access$bAEU
=100  1\$aChen, Jung-Shou,$eauthor.
=245  10$aStudies on phospholipase D /$cby Jung-Shou Chen.
=264  \1$c[1972]
=264  \4$c©1972
=300  \\$a1 online resource (xxiv, 148, xxv-lviii pages) :$billustrations
=336  \\$atext$btxt$2rdacontent
=337  \\$acomputer$bc$2rdamedia
=338  \\$aonline resource$bcr$2rdacarrier
=500  \\$a"A thesis submitted to the Faculty of Graduate Studies and Research in partial fulfilment of the requirements for the degree of Doctor of Philosophy, Department of Biochemistry."
=502  \\$bPh. D.$cUniversity of Alberta$d1972.
=504  \\$aIncludes bibliographical references (pages xxv-xxxv).
=650  \0$aPhospholipases.
=710  2\$aUniversity of Alberta.$bDepartment of Biochemistry.
=900  \\$aNK11124
=949  \\$zUAIN$zETHESIS

