=LDR  01346ntm a2200337Ii 4500
=001  uab09274738
=003  UAB
=005  20141002120825.0
=006  m|||||o||d||||||||
=007  cr||||||||||||
=008  141002t19691969xx\ad\\\obm\\\000\0\eng\d
=040  \\$aUAB$beng$erda$cUAB
=050  \4$aQP625.A25$bG33 1969
=090  \\$aInternet Access$bAEU
=100  1\$aGadd, Ronald Edward Alfred,$eauthor.
=245  10$aStudies of the kinetic mechanism, binding of substrates, and catalytic mechanism of adenine phosphoribosyltransferase /$cby Ronald Edward Alfred Gadd.
=264  \1$c[1969]
=264  \4$c©1969
=300  \\$a1 online resource (xix, 216 pages) :$billustrations
=336  \\$atext$btxt$2rdacontent
=337  \\$acomputer$bc$2rdamedia
=338  \\$aonline resource$bcr$2rdacarrier
=500  \\$a"A thesis submitted to the Faculty of Graduate Studies and Research in partial fulfilment of the requirements for the degree of Doctor of Philosophy, Department of Biochemistry."
=502  \\$bPh. D.$cUniversity of Alberta$d1969.
=504  \\$aIncludes bibliographical references (pages 208-216).
=590  \\$aLibrary copy imperfect: page 186 scanned twice.
=650  \0$aAdenine nucleotides.
=650  \0$aAdenylic acid.
=650  \0$aCatalysis.
=710  2\$aUniversity of Alberta.$bDepartment of Biochemistry.
=900  \\$aNK03842
=949  \\$zUAIN$zETHESIS

