=LDR  01205ntm a2200325Ii 4500
=001  uab09276907
=003  UAB
=005  20141009122700.0
=006  m|||||o||d||||||||
=007  cr||||||||||||
=008  141009t19731973xx\ad\\\obm\\\000\0\eng\d
=040  \\$aUAB$beng$erda$cUAB
=050  \4$aQP801.P8$bS69 1973
=090  \\$aInternet Access$bAEU
=100  1\$aSnyder, Floyd Frederick,$eauthor.
=245  10$aMethods for the study of purine metabolism in the intact cell /$cby Floyd Frederick Snyder.
=264  \1$c[1973]
=264  \4$c©1973
=300  \\$a1 online resource (xvii, 186 pages) :$billustrations
=336  \\$atext$btxt$2rdacontent
=337  \\$acomputer$bc$2rdamedia
=338  \\$aonline resource$bcr$2rdacarrier
=500  \\$a"A thesis submitted to the Faculty of Graduate Studies and Research in partial fulfilment of the requirements for the degree of Doctor of Philosophy, Department of Biochemistry."
=502  \\$bPh. D.$cUniversity of Alberta$d1973.
=504  \\$aIncludes bibliographical references (page 186).
=650  \0$aPurines$xMetabolism.
=650  \0$aEnzymes.
=650  \0$aCells.
=710  2\$aUniversity of Alberta.$bDepartment of Biochemistry.
=900  \\$aNK15354
=949  \\$zUAIN$zETHESIS

