=LDR  01178ntm a2200313Ii 4500
=001  uab09277127
=003  UAB
=005  20141009173310.0
=006  m|||||o||d||||||||
=007  cr||||||||||||
=008  141009t19741974xx\ad\\\obm\\\000\0\eng\d
=040  \\$aUAB$beng$erda$cUAB
=050  \4$aQL878$b.L47 1974
=090  \\$aInternet Access$bAEU
=100  1\$aLesser, Barry H.,$eauthor.
=245  10$aRegulation by androgens of the growth and function of the rat prostate /$cby Barry H. Lesser.
=264  \1$c[1974]
=264  \4$c©1974
=300  \\$a1 online resource (xvi, 117 pages) :$billustrations
=336  \\$atext$btxt$2rdacontent
=337  \\$acomputer$bc$2rdamedia
=338  \\$aonline resource$bcr$2rdacarrier
=500  \\$a"A thesis submitted to the Faculty of Graduate Studies and Research in partial fulfilment of the requirements for the degree of Doctor of Philosophy, Department of Biochemistry."
=502  \\$bPh. D.$cUniversity of Alberta$d1974.
=504  \\$aIncludes bibliographical references (pages 109-117).
=650  \0$aProstate$xGrowth.
=650  \0$aAndrogens.
=710  2\$aUniversity of Alberta.$bDepartment of Biochemistry.
=900  \\$aNK21052
=949  \\$zUAIN$zETHESIS

