=LDR  01250ntm a2200313Ii 4500
=001  uab09277350
=003  UAB
=005  20141010131146.0
=006  m|||||o||d||||||||
=007  cr||||||||||||
=008  141010t19741974xx\ad\\\obm\\\000\0\eng\d
=040  \\$aUAB$beng$erda$cUAB
=050  \4$aQK569.E9$bL67 1974
=090  \\$aInternet Access$bAEU
=100  1\$aLor, Kim-Loon,$eauthor.
=245  10$aInterrelationships between one-carbon metabolism and the glycolate pathway in division synchronized cultures of Euglena gracilis /$cby Kim-Loon Lor.
=264  \1$c[1974]
=264  \4$c©1974
=300  \\$a1 online resource (xiv, 110 pages) :$billustrations
=336  \\$atext$btxt$2rdacontent
=337  \\$acomputer$bc$2rdamedia
=338  \\$aonline resource$bcr$2rdacarrier
=500  \\$a"A thesis submitted to the Faculty of Graduate Studies and Research in partial fulfilment of the requirements for the degree of Doctor of Philosophy in Plant Biochemistry, Department of Botany."
=502  \\$bPh. D.$cUniversity of Alberta$d1974.
=504  \\$aIncludes bibliographical references (pages 99-110).
=650  \0$aEuglena gracilis.
=650  \0$aCarbon$xMetabolism.
=710  2\$aUniversity of Alberta.$bDepartment of Botany.
=900  \\$aNK21888
=949  \\$zUAIN$zETHESIS

