=LDR  01145ntm a2200301Ii 4500
=001  uab09275110
=003  UAB
=005  20141003061339.0
=006  m|||||o||d||||||||
=007  cr||||||||||||
=008  141003t19711971xx\a\\\\obm\\\000\0\eng\d
=040  \\$aUAB$beng$erda$cUAB
=050  \4$aQK623.E7$bV37 1971
=090  \\$aInternet Access$bAEU
=100  1\$aVarma, Rina,$eauthor.
=245  10$aConidial development, mitotic cycle and cleistothecial development in powdery mildews /$cby Rina Varma.
=264  \1$c[1971]
=264  \4$c©1971
=300  \\$a1 online resource (x, 113 pages) :$billustrations
=336  \\$atext$btxt$2rdacontent
=337  \\$acomputer$bc$2rdamedia
=338  \\$aonline resource$bcr$2rdacarrier
=500  \\$a"A thesis submitted to the Faculty of Graduate Studies and Research in partial fulfilment of the requirements for the degree of Doctor of Philosophy, Department of Botany."
=502  \\$bPh. D.$cUniversity of Alberta$d1971.
=504  \\$aIncludes bibliographical references (pages 103-113).
=650  \0$aErysiphe graminis.
=710  2\$aUniversity of Alberta.$bDepartment of Botany.
=900  \\$aNK08131
=949  \\$zUAIN$zETHESIS

