=LDR  01319ntm a2200337Ii 4500
=001  uab09277245
=003  UAB
=005  20141010092519.0
=006  m|||||o||d||||||||
=007  cr||||||||||||
=008  141010t19731973xx\ab\\\obm\\\000\0\eng\d
=040  \\$aUAB$beng$erda$cUAB
=043  \\$an-cn-ab
=050  \4$aQE651$b.C47 1973
=090  \\$aInternet Access$bAEU
=100  1\$aChristophel, D. C.$q(David Charles),$eauthor.
=245  13$aAn investigation of the fossil floras of the Smoky Tower locality, Alberta /$cby David Charles Christophel.
=264  \1$c[1973]
=264  \4$c©1973
=300  \\$a1 online resource (x, 193 pages) :$billustrations, maps
=336  \\$atext$btxt$2rdacontent
=337  \\$acomputer$bc$2rdamedia
=338  \\$aonline resource$bcr$2rdacarrier
=500  \\$a"A thesis submitted to the Faculty of Graduate Studies and Research in partial fulfilment of the requirements for the degree of Doctor of Philosophy, Department of Botany."
=502  \\$bPh. D.$cUniversity of Alberta$d1973.
=504  \\$aIncludes bibliographical references (pages 188-193).
=590  \\$aLibrary copy imperfect: page 185 misplaced after page 193.
=650  \0$aGeology, Stratigraphic.
=650  \0$aPaleobotany$zAlberta.
=710  2\$aUniversity of Alberta.$bDepartment of Botany.
=900  \\$aNK17477
=949  \\$zUAIN$zETHESIS

