=LDR  01314ntm a2200337Ii 4500
=001  uab09277278
=003  UAB
=005  20141009204927.0
=006  m|||||o||d||||||||
=007  cr||||||||||||
=008  141009t19741974xx\ad\\\obm\\\000\0\eng\d
=040  \\$aUAB$beng$erda$cUAB
=050  \4$aQR99.63$b.C37 1974
=090  \\$aInternet Access$bAEU
=100  1\$aCarmichael, Wayne W.,$eauthor.
=245  10$aAnabaena flos-aquae toxin :$bits toxicology and mechanism of action /$cby Wayne William Carmichael.
=264  \1$c[1974]
=264  \4$c©1974
=300  \\$a1 online resource (xviii, [134] pages) :$billustrations
=336  \\$atext$btxt$2rdacontent
=337  \\$acomputer$bc$2rdamedia
=338  \\$aonline resource$bcr$2rdacarrier
=500  \\$a"A thesis submitted to the Faculty of Graduate Studies and Research in partial fulfillment of the requirements for the degree of Doctor of Philosophy in Algal Ecology, Department of Botany."
=502  \\$bPh. D.$cUniversity of Alberta$d1974.
=504  \\$aIncludes bibliographical references (pages 115-120).
=590  \\$aLibrary copy imperfect: second half of thesis missing.
=650  \0$aCyanobacteria.
=650  \0$aCyanobacteria$xToxicology.
=650  \0$aAlgal blooms.
=710  2\$aUniversity of Alberta.$bDepartment of Botany.
=900  \\$aNK21777
=949  \\$zUAIN$zETHESIS

