=LDR  01165ntm a2200313Ii 4500
=001  uab09275462
=003  UAB
=005  20141004091536.0
=006  m|||||o||d||||||||
=007  cr||||||||||||
=008  141004t19711971xx\ad\\\obm\\\000\0\eng\d
=040  \\$aUAB$beng$erda$cUAB
=050  \4$aQD281.R35$bS77 1971
=090  \\$aInternet Access$bAEU
=100  1\$aStrehlke, Burkhard,$eauthor.
=245  14$aThe geometrical isomerization of butenyl radicals /$cby Burkhard Strehlke.
=264  \1$c[1971]
=264  \4$c©1971
=300  \\$a1 online resource (xii, 154 pages) :$billustrations
=336  \\$atext$btxt$2rdacontent
=337  \\$acomputer$bc$2rdamedia
=338  \\$aonline resource$bcr$2rdacarrier
=500  \\$a"A thesis submitted to the Faculty of Graduate Studies and Research in partial fulfilment of the requirements for the degree of Doctor of Philosophy, Department of Chemistry."
=502  \\$bPh. D.$cUniversity of Alberta$d1971.
=504  \\$aIncludes bibliographical references (pages 108-113).
=650  \0$aIsomerization.
=650  \0$aRadicals (Chemistry)
=710  2\$aUniversity of Alberta.$bDepartment of Chemistry.
=900  \\$aNK09649
=949  \\$zUAIN$zETHESIS

