=LDR  01178ntm a2200313Ii 4500
=001  uab09274664
=003  UAB
=005  20141002052348.0
=006  m|||||o||d||||||||
=007  cr||||||||||||
=008  141002t19691969xx\ad\\\obm\\\000\0\eng\d
=040  \\$aUAB$beng$erda$cUAB
=050  \4$aQD181.C5$bA53 1969
=090  \\$aInternet Access$bAEU
=100  1\$aAnders, Udo,$eauthor.
=245  10$aStudies of perchlorate and chloroaluminate melts /$cby Udo Anders.
=264  \1$c[1969]
=264  \4$c©1969
=300  \\$a1 online resource (vii, 116 pages) :$billustrations
=336  \\$atext$btxt$2rdacontent
=337  \\$acomputer$bc$2rdamedia
=338  \\$aonline resource$bcr$2rdacarrier
=500  \\$a"A thesis submitted to the Faculty of Graduate Studies and Research in partial fulfilment of the requirements for the degree of Doctor of Philosophy, Department of Chemistry."
=502  \\$bPh. D.$cUniversity of Alberta$d1969.
=504  \\$aIncludes bibliographical references (pages 110-116).
=650  \0$aPerchlorates$xThermal properties.
=650  \0$aChlorates$xThermal properties.
=710  2\$aUniversity of Alberta.$bDepartment of Chemistry.
=900  \\$aNK04913
=949  \\$zUAIN$zETHESIS

