=LDR  01192ntm a2200313Ii 4500
=001  uab09275301
=003  UAB
=005  20141003151903.0
=006  m|||||o||d||||||||
=007  cr||||||||||||
=008  141003t19701970xx\ad\\\obm\\\000\0\eng\d
=040  \\$aUAB$beng$erda$cUAB
=050  \4$aQD281.R4$bD38 1970
=090  \\$aInternet Access$bAEU
=100  1\$aDavis, Harry Allan,$eauthor.
=245  14$aThe preparation and hydride reduction of some C-2 substituted-1,3-dioxolanes /$cby Harry Allan Davis.
=264  \1$c[1970]
=264  \4$c©1970
=300  \\$a1 online resource (xi, 219 pages) :$billustrations
=336  \\$atext$btxt$2rdacontent
=337  \\$acomputer$bc$2rdamedia
=338  \\$aonline resource$bcr$2rdacarrier
=500  \\$a"A thesis submitted to the Faculty of Graduate Studies and Research in partial fulfilment of the requirements for the degree of Doctor of Philosophy, Department of Chemistry."
=502  \\$bPh. D.$cUniversity of Alberta$d1970.
=504  \\$aIncludes bibliographical references (pages 215-219).
=650  \0$aReduction (Chemistry)
=650  \0$aHydrogenolysis.
=710  2\$aUniversity of Alberta.$bDepartment of Chemistry.
=900  \\$aNK06699
=949  \\$zUAIN$zETHESIS

