=LDR  01204ntm a2200313Ii 4500
=001  uab09274973
=003  UAB
=005  20141002171600.0
=006  m|||||o||d||||||||
=007  cr||||||||||||
=008  141002t19701970xx\ad\\\obm\\\000\0\eng\d
=040  \\$aUAB$beng$erda$cUAB
=050  \4$aQD305.A2$bO86 1970
=090  \\$aInternet Access$bAEU
=100  1\$aOsman, Soad Abdel Aziz,$eauthor.
=245  14$aThe potassium peroxydisulfate promoted oxidative decarboxylation of carboxylic acids /$cby Soad Abdel Aziz Osman.
=264  \1$c[1970]
=264  \4$c©1970
=300  \\$a1 online resource (x, 149 pages) :$billustrations
=336  \\$atext$btxt$2rdacontent
=337  \\$acomputer$bc$2rdamedia
=338  \\$aonline resource$bcr$2rdacarrier
=500  \\$a"A thesis submitted to the Faculty of Graduate Studies and Research in partial fulfilment of the requirements for the degree of Doctor of Philosophy, Department of Chemistry."
=502  \\$bPh. D.$cUniversity of Alberta$d1970.
=504  \\$aIncludes bibliographical references (pages 135-145).
=650  \0$aCarboxylic acids.
=650  \0$aDecarboxylation.
=710  2\$aUniversity of Alberta.$bDepartment of Chemistry.
=900  \\$aNK06231
=949  \\$zUAIN$zETHESIS

