=LDR  01161ntm a2200313Ii 4500
=001  uab09275052
=003  UAB
=005  20141002201707.0
=006  m|||||o||d||||||||
=007  cr||||||||||||
=008  141002t19701970xx\ad\\\obm\\\000\0\eng\d
=040  \\$aUAB$beng$erda$cUAB
=050  \4$aQD251$b.B47 1970
=090  \\$aInternet Access$bAEU
=100  1\$aBerkley, Richard Earl,$eauthor.
=245  10$aHydrogen transfer reactions of alkyl radicals /$cby Richard Earl Berkley.
=264  \1$c[1970]
=264  \4$c©1970
=300  \\$a1 online resource (xv, 196 pages) :$billustrations
=336  \\$atext$btxt$2rdacontent
=337  \\$acomputer$bc$2rdamedia
=338  \\$aonline resource$bcr$2rdacarrier
=500  \\$a"A thesis submitted to the Faculty of Graduate Studies and Research in partial fulfillment of the requirements for the degree of Doctor of Philosophy, Department of Chemistry."
=502  \\$bPh. D.$cUniversity of Alberta$d1970.
=504  \\$aIncludes bibliographical references (pages 183-191).
=650  \0$aCarbon compounds.
=650  \0$aHydrogenation.
=710  2\$aUniversity of Alberta.$bDepartment of Chemistry.
=900  \\$aNK06688
=949  \\$zUAIN$zETHESIS

