=LDR  01129ntm a2200301Ii 4500
=001  uab09277342
=003  UAB
=005  20141009204927.0
=006  m|||||o||d||||||||
=007  cr||||||||||||
=008  141009t19741974xx\a\\\\obm\\\000\0\eng\d
=040  \\$aUAB$beng$erda$cUAB
=050  \4$aQK601$b.F47 1974
=090  \\$aInternet Access$bAEU
=100  1\$aFernandez, Salvador,$eauthor.
=245  10$aSome approaches to the synthesis of the cyathins /$cby Salvador Fernandez.
=264  \1$c[1974]
=264  \4$c©1974
=300  \\$a1 online resource (ix, 179 pages) :$billustrations
=336  \\$atext$btxt$2rdacontent
=337  \\$acomputer$bc$2rdamedia
=338  \\$aonline resource$bcr$2rdacarrier
=500  \\$a"A thesis submitted to the Faculty of Graduate Studies and Research in partial fulfilment of the requirements for the degree of Doctor of Philosophy, Department of Chemistry."
=502  \\$bPh. D.$cUniversity of Alberta$d1974.
=504  \\$aIncludes bibliographical references (pages 177-179).
=650  \0$aFungi$xPhysiology.
=710  2\$aUniversity of Alberta.$bDepartment of Chemistry.
=900  \\$aNK21813
=949  \\$zUAIN$zETHESIS

