=LDR  01160ntm a2200301Ii 4500
=001  uab09277374
=003  UAB
=005  20141009204927.0
=006  m|||||o||d||||||||
=007  cr||||||||||||
=008  141009t19741974xx\ad\\\obm\\\000\0\eng\d
=040  \\$aUAB$beng$erda$cUAB
=050  \4$aQD172.A3$bJ36 1974
=090  \\$aInternet Access$bAEU
=100  1\$aJamerson, Jackie Dean,$eauthor.
=245  10$aAmido derivatives of the actinides :$bpreparation and synthetic utility /$cby Jackie Dean Jamerson.
=264  \1$c[1974]
=264  \4$c©1974
=300  \\$a1 online resource (xvii, 223 pages) :$billustrations
=336  \\$atext$btxt$2rdacontent
=337  \\$acomputer$bc$2rdamedia
=338  \\$aonline resource$bcr$2rdacarrier
=500  \\$a"A thesis submitted to the Faculty of Graduate Studies and Research in partial fulfilment of the requirements for the degree of Doctor of Philosophy, Department of Chemistry."
=502  \\$bPh. D.$cUniversity of Alberta$d1974.
=504  \\$aIncludes bibliographical references (pages 215-223).
=650  \0$aActinide elements.
=710  2\$aUniversity of Alberta.$bDepartment of Chemistry.
=900  \\$aNK21853
=949  \\$zUAIN$zETHESIS

