=LDR  01256ntm a2200337Ii 4500
=001  uab09274825
=003  UAB
=005  20141002142401.0
=006  m|||||o||d||||||||
=007  cr||||||||||||
=008  141002t19691969xx\ad\\\obm\\\000\0\eng\d
=040  \\$aUAB$beng$erda$cUAB
=050  \4$aQD251$b.L64 1969
=090  \\$aInternet Access$bAEU
=100  1\$aLoewen, Peter Cecil,$eauthor.
=245  14$aThe preparation and hydride reduction of some tetrahydrofuranyl acetals /$cby Peter Cecil Loewen.
=264  \1$c[1969]
=264  \4$c©1969
=300  \\$a1 online resource (xii, 283 pages) :$billustrations
=336  \\$atext$btxt$2rdacontent
=337  \\$acomputer$bc$2rdamedia
=338  \\$aonline resource$bcr$2rdacarrier
=500  \\$a"A thesis submitted to the Faculty of Graduate Studies and Research in partial fulfilment of the requirements for the degree of Doctor of Philosophy, Department of Chemistry."
=502  \\$bPh. D.$cUniversity of Alberta$d1969.
=504  \\$aIncludes bibliographical references (pages 276-283).
=650  \0$aChemistry, Organic.
=650  \0$aCarbon compounds.
=650  \0$aHydrogenolysis.
=650  \0$aChemical reactions.
=710  2\$aUniversity of Alberta.$bDepartment of Chemistry.
=900  \\$aNK04950
=949  \\$zUAIN$zETHESIS

