=LDR  01181ntm a2200313Ii 4500
=001  uab09274422
=003  UAB
=005  20141001140201.0
=006  m|||||o||d||||||||
=007  cr||||||||||||
=008  141001t19681968xx\ad\\\obm\\\000\0\eng\d
=040  \\$aUAB$beng$erda$cUAB
=050  \4$aQD305.H7$bS26 1968
=090  \\$aInternet Access$bAEU
=100  1\$aSande, Johan Hubert van de,$eauthor.
=245  10$aStudies in the oxidation of some olefins to allylic hydroperoxides /$cby Johan Hubert van de Sande.
=264  \1$c[1968]
=264  \4$c©1968
=300  \\$a1 online resource (xii, 195 pages) :$billustrations
=336  \\$atext$btxt$2rdacontent
=337  \\$acomputer$bc$2rdamedia
=338  \\$aonline resource$bcr$2rdacarrier
=500  \\$a"A thesis submitted to the Faculty of Graduate Studies and Research in partial fulfilment of the requirements for the degree of Doctor of Philosophy, Department of Chemistry."
=502  \\$bPh. D.$cUniversity of Alberta$d1968.
=504  \\$aIncludes bibliographical references (pages 184-195).
=650  \0$aAlkenes.
=650  \0$aOxidation.
=710  2\$aUniversity of Alberta.$bDepartment of Chemistry.
=900  \\$aNK03417
=949  \\$zUAIN$zETHESIS

