=LDR  01233ntm a2200325Ii 4500
=001  uab09274780
=003  UAB
=005  20141002133319.0
=006  m|||||o||d||||||||
=007  cr||||||||||||
=008  141002t19691969xx\ad\\\obm\\\000\0\eng\d
=040  \\$aUAB$beng$erda$cUAB
=050  \4$aQD341.H9$bG76 1969
=090  \\$aInternet Access$bAEU
=100  1\$aGrover, Joseph A.,$eauthor.
=245  14$aThe reactions of benzhydryl 2,6-dimethylbenzenesulfinate /$cby Joseph A. Grover.
=264  \1$c[1969]
=264  \4$c©1969
=300  \\$a1 online resource (179 pages) :$billustrations
=336  \\$atext$btxt$2rdacontent
=337  \\$acomputer$bc$2rdamedia
=338  \\$aonline resource$bcr$2rdacarrier
=500  \\$a"A thesis submitted to the Faculty of Graduate Studies and Research in partial fulfilment of the requirements for the degree of Doctor of Philosophy, Department of Chemistry."
=502  \\$bPh. D.$cUniversity of Alberta$d1969.
=504  \\$aIncludes bibliographical references (pages 175-179).
=590  \\$aLibrary copy imperfect: pages 1, 103 scanned twice.
=650  \0$aBenzene$xReactivity.
=650  \0$aHydroxyl group.
=710  2\$aUniversity of Alberta.$bDepartment of Chemistry.
=900  \\$aNK03845
=949  \\$zUAIN$zETHESIS

