=LDR  01171ntm a2200325Ii 4500
=001  uab09277012
=003  UAB
=005  20141009145922.0
=006  m|||||o||d||||||||
=007  cr||||||||||||
=008  141009t19731973xx\ad\\\obm\\\000\0\eng\d
=040  \\$aUAB$beng$erda$cUAB
=050  \4$aQD281.P9$bV58 1973
=090  \\$aInternet Access$bAEU
=100  1\$aVitins, Peter,$eauthor.
=245  14$aThe pyrolysis of episulphides /$cby Peter Vitins.
=264  \1$c[1973]
=264  \4$c©1973
=300  \\$a1 online resource (xviii, 213 pages) :$billustrations
=336  \\$atext$btxt$2rdacontent
=337  \\$acomputer$bc$2rdamedia
=338  \\$aonline resource$bcr$2rdacarrier
=500  \\$a"A thesis submitted to the Faculty of Graduate Studies and Research in partial fulfilment of the requirements for the degree of Doctor of Philosophy, Department of Chemistry."
=502  \\$bPh. D.$cUniversity of Alberta$d1973.
=504  \\$aIncludes bibliographical references (pages 201-208).
=650  \0$aPyrolysis.
=650  \0$aEthylene compounds.
=650  \0$aHeterocyclic compounds.
=710  2\$aUniversity of Alberta.$bDepartment of Chemistry.
=900  \\$aNK15371
=949  \\$zUAIN$zETHESIS

