=LDR  01201ntm a2200337Ii 4500
=001  uab09277026
=003  UAB
=005  20141009152511.0
=006  m|||||o||d||||||||
=007  cr||||||||||||
=008  141009t19731973xx\ad\\\obm\\\000\0\eng\d
=040  \\$aUAB$beng$erda$cUAB
=050  \4$aQD461.5$b.Y68 1973
=090  \\$aInternet Access$bAEU
=100  1\$aYoung, Peter John,$eauthor.
=245  14$aThe reactions of excited metal atoms /$cby Peter John Young.
=264  \1$c[1973]
=264  \4$c©1973
=300  \\$a1 online resource (xi, 186 pages) :$billustrations
=336  \\$atext$btxt$2rdacontent
=337  \\$acomputer$bc$2rdamedia
=338  \\$aonline resource$bcr$2rdacarrier
=500  \\$a"A thesis submitted to the Faculty of Graduate Studies and Research in partial fulfilment of the requirements for the degree of Doctor of Philosophy, Department of Chemistry."
=502  \\$bPh. D.$cUniversity of Alberta$d1973.
=504  \\$aIncludes bibliographical references (pages 178-184).
=650  \0$aExcited state chemistry.
=650  \0$aMetal.
=650  \0$aAtoms.
=650  \0$aFlash photolysis.
=710  2\$aUniversity of Alberta.$bDepartment of Chemistry.
=900  \\$aNK15383
=949  \\$zUAIN$zETHESIS

