=LDR  01176ntm a2200313Ii 4500
=001  uab09275278
=003  UAB
=005  20141003061339.0
=006  m|||||o||d||||||||
=007  cr||||||||||||
=008  141003t19701970xx\ad\\\obm\\\000\0\eng\d
=040  \\$aUAB$beng$erda$cUAB
=050  \4$aQD281.R5$bD35 1970
=090  \\$aInternet Access$bAEU
=100  1\$aDallas, George,$eauthor.
=245  10$aSome 1,3-dipolar cycloaddition reactions of substituted aziridines /$cby George Dallas.
=264  \1$c[1970]
=264  \4$c©1970
=300  \\$a1 online resource (xiii, 340 pages) :$billustrations
=336  \\$atext$btxt$2rdacontent
=337  \\$acomputer$bc$2rdamedia
=338  \\$aonline resource$bcr$2rdacarrier
=500  \\$a"A thesis submitted to the Faculty of Graduate Studies and Research in partial fulfilment of the requirements for the degree of Doctor of Philosophy, Department of Chemistry."
=502  \\$bPh. D.$cUniversity of Alberta$d1970.
=504  \\$aIncludes bibliographical references (pages 326-340).
=650  \0$aRing formation (Chemistry)
=650  \0$aAziridine.
=710  2\$aUniversity of Alberta.$bDepartment of Chemistry.
=900  \\$aNK08827
=949  \\$zUAIN$zETHESIS

