=LDR  01172ntm a2200301Ii 4500
=001  uab09275347
=003  UAB
=005  20141003061339.0
=006  m|||||o||d||||||||
=007  cr||||||||||||
=008  141003t19711971xx\ad\\\obm\\\000\0\eng\d
=040  \\$aUAB$beng$erda$cUAB
=050  \4$aQD341.K2$bE93 1971
=090  \\$aInternet Access$bAEU
=100  1\$aEvans, John Gerald,$eauthor.
=245  10$a[Pi]-cyclopentadienyl compounds of titanium and zirconium containing chelating 2,4-diketones /$cby John Gerald Evans.
=264  \1$c[1971]
=264  \4$c©1971
=300  \\$a1 online resource (xiv, 158 pages) :$billustrations
=336  \\$atext$btxt$2rdacontent
=337  \\$acomputer$bc$2rdamedia
=338  \\$aonline resource$bcr$2rdacarrier
=500  \\$a"A thesis submitted to the Faculty of Graduate Studies and Research in partial fulfilment of the requirements for the degree of Doctor of Philosophy, Department of Chemistry."
=502  \\$bPh. D.$cUniversity of Alberta$d1971.
=504  \\$aIncludes bibliographical references (pages 152-158).
=650  \0$aCyclopentadiene.
=710  2\$aUniversity of Alberta.$bDepartment of Chemistry.
=900  \\$aNK09590
=949  \\$zUAIN$zETHESIS

