=LDR  01330ntm a2200337Ii 4500
=001  uab09275558
=003  UAB
=005  20141006095006.0
=006  m|||||o||d||||||||
=007  cr||||||||||||
=008  141006t19701970xx\ad\\\obm\\\000\0\eng\d
=040  \\$aUAB$beng$erda$cUAB
=050  \4$aQD305.H7$bR63 1970
=090  \\$aInternet Access$bAEU
=100  1\$aRoark, David,$eauthor.
=245  14$aThe thermal decomposition of 7,8-disilabicyclo[2.2.2]octa-2,5-dienes :$bevidence for the transient existence of silicon-silicon double bonds /$cby David Roark.
=264  \1$c[1970]
=264  \4$c©1970
=300  \\$a1 online resource (ix, 140 pages) :$billustrations
=336  \\$atext$btxt$2rdacontent
=337  \\$acomputer$bc$2rdamedia
=338  \\$aonline resource$bcr$2rdacarrier
=500  \\$a"A thesis submitted to the Faculty of Graduate Studies and Research in partial fulfilment of the requirements for the degree of Doctor of Philosophy, Department of Chemistry."
=502  \\$bPh. D.$cUniversity of Alberta$d1970.
=504  \\$aIncludes bibliographical references (pages 134-140).
=650  \0$aDiolefins$xThermal properties.
=650  \0$aDecomposition (Chemistry)
=650  \0$aSilicon compounds.
=650  \0$aChemical bonds.
=710  2\$aUniversity of Alberta.$bDepartment of Chemistry.
=900  \\$aNK06753
=949  \\$zUAIN$zETHESIS

