=LDR  01335ntm a2200337Ii 4500
=001  uab09275308
=003  UAB
=005  20141003154424.0
=006  m|||||o||d||||||||
=007  cr||||||||||||
=008  141003t19701970xx\ad\\\obm\\\000\0\eng\d
=040  \\$aUAB$beng$erda$cUAB
=050  \4$aQD412.F1$bO45 1970
=090  \\$aInternet Access$bAEU
=100  1\$aOliver, Andrew John,$eauthor.
=245  10$aSome aspects of the organometallic chemistry of pentafluorophenyl compounds and of rhodium and iridium cyclopentadienyls /$cby Andrew John Oliver.
=264  \1$c[1970]
=264  \4$c©1970
=300  \\$a1 online resource (xii, 172 pages) :$billustrations
=336  \\$atext$btxt$2rdacontent
=337  \\$acomputer$bc$2rdamedia
=338  \\$aonline resource$bcr$2rdacarrier
=500  \\$a"A thesis submitted to the Faculty of Graduate Studies and Research in partial fulfilment of the requirements for the degree of Doctor of Philosophy, Department of Chemistry."
=502  \\$bPh. D.$cUniversity of Alberta$d1970.
=504  \\$aIncludes bibliographical references (pages 157-171).
=650  \0$aOrganofluorine compounds.
=650  \0$aOrganometallic chemistry.
=650  \0$aOrganorhodium compounds.
=650  \0$aOrganoiridium compounds.
=710  2\$aUniversity of Alberta.$bDepartment of Chemistry.
=900  \\$aNK06743
=949  \\$zUAIN$zETHESIS

