=LDR  01091ntm a2200301Ii 4500
=001  uab09275172
=003  UAB
=005  20141003102031.0
=006  m|||||o||d||||||||
=007  cr||||||||||||
=008  141003t19711971xx\ad\\\obm\\\000\0\eng\d
=040  \\$aUAB$beng$erda$cUAB
=050  \4$aQD400$b.H65 1971
=090  \\$aInternet Access$bAEU
=100  1\$aHojo, Ko,$eauthor.
=245  14$aThe cyclic 10-electron system /$cby Ko Hojo.
=264  \1$c[1971]
=264  \4$c©1971
=300  \\$a1 online resource (x, 179 pages) :$billustrations
=336  \\$atext$btxt$2rdacontent
=337  \\$acomputer$bc$2rdamedia
=338  \\$aonline resource$bcr$2rdacarrier
=500  \\$a"A thesis submitted to the Faculty of Graduate Studies and Research in partial fulfilment of the requirements for the degree of Doctor of Philosophy, Department of Chemistry."
=502  \\$bPh. D.$cUniversity of Alberta$d1971.
=504  \\$aIncludes bibliographical references (pages 171-179).
=650  \0$aMacrocyclic compounds.
=710  2\$aUniversity of Alberta.$bDepartment of Chemistry.
=900  \\$aNK09600
=949  \\$zUAIN$zETHESIS

