=LDR  01196ntm a2200313Ii 4500
=001  uab09276863
=003  UAB
=005  20141009115255.0
=006  m|||||o||d||||||||
=007  cr||||||||||||
=008  141009t19731973xx\ad\\\obm\\\000\0\eng\d
=040  \\$aUAB$beng$erda$cUAB
=050  \4$aQD921$b.S56 1973
=090  \\$aInternet Access$bAEU
=100  1\$aSimpson, Kathleen A.,$eauthor.
=245  10$aSome crystal structures of transition metal hydrides /$cby Kathleen A. Simpson.
=264  \1$c[1973]
=264  \4$c©1973
=300  \\$a1 online resource (<xvii, 223 [i.e., 233] pages>) :$billustrations
=336  \\$atext$btxt$2rdacontent
=337  \\$acomputer$bc$2rdamedia
=338  \\$aonline resource$bcr$2rdacarrier
=500  \\$a"A thesis submitted to the Faculty of Graduate Studies and Research in partial fulfilment of the requirements for the degree of Doctor of Philosophy, Department of Chemistry."
=502  \\$bPh. D.$cUniversity of Alberta$d1973.
=504  \\$aIncludes bibliographical references (pages 188-194).
=650  \0$aCrystals$xStructure.
=650  \0$aTransition metal hydrides.
=710  2\$aUniversity of Alberta.$bDepartment of Chemistry.
=900  \\$aNK15348
=949  \\$zUAIN$zETHESIS

