=LDR  01295ntm a2200337Ii 4500
=001  uab09277142
=003  UAB
=005  20141009175328.0
=006  m|||||o||d||||||||
=007  cr||||||||||||
=008  141009t19731973xx\a\\\\obm\\\000\0\eng\d
=040  \\$aUAB$beng$erda$cUAB
=050  \4$aQD305.A2$bC43 1973
=090  \\$aInternet Access$bAEU
=100  1\$aCedar, Francis James,$eauthor.
=245  10$aI. Radical anion promoted reduction of sterically hindered esters. II. A stereoselective reduction of cyclic ketones /$cby Francis James Cedar.
=264  \1$c[1973]
=264  \4$c©1973
=300  \\$a1 online resource ([x], 128 pages) :$billustrations
=336  \\$atext$btxt$2rdacontent
=337  \\$acomputer$bc$2rdamedia
=338  \\$aonline resource$bcr$2rdacarrier
=500  \\$a"A thesis submitted to the Faculty of Graduate Studies and Research in partial fulfilment of the requirements for the degree of Doctor of Philosophy, Department of Chemistry."
=502  \\$bPh. D.$cUniversity of Alberta$d1973.
=504  \\$aIncludes bibliographical references (pages 114-128).
=650  \0$aEsters.
=650  \0$aChemical tests and reagents.
=650  \0$aSteric hindrance.
=650  \0$aKetones.
=710  2\$aUniversity of Alberta.$bDepartment of Chemistry.
=900  \\$aNK17472
=949  \\$zUAIN$zETHESIS

