=LDR  01160ntm a2200301Ii 4500
=001  uab09276769
=003  UAB
=005  20141009095656.0
=006  m|||||o||d||||||||
=007  cr||||||||||||
=008  141009t19711971xx\ad\\\obm\\\000\0\eng\d
=040  \\$aUAB$beng$erda$cUAB
=050  \4$aQC762.9$b.R87 1971
=090  \\$aInternet Access$bAEU
=100  1\$aRusnak, Leonard Lawrence,$eauthor.
=245  10$aNMR line broadening study of some paramagnetic Schiff base and porphyrin complexes /$cby Leonard Lawrence Rusnak.
=264  \1$c[1971]
=264  \4$c©1971
=300  \\$a1 online resource (xxii, 331 pages) :$billustrations
=336  \\$atext$btxt$2rdacontent
=337  \\$acomputer$bc$2rdamedia
=338  \\$aonline resource$bcr$2rdacarrier
=500  \\$a"A thesis submitted to the Faculty of Graduate Studies in partial fulfilment of the requirements for the degree of Doctor of Philosophy, Department of Chemistry."
=502  \\$bPh. D.$cUniversity of Alberta$d1971.
=504  \\$aIncludes bibliographical references (pages 226-232).
=650  \0$aParamagnetism.
=710  2\$aUniversity of Alberta.$bDepartment of Chemistry.
=900  \\$aNK09638
=949  \\$zUAIN$zETHESIS

