=LDR  01288ntm a2200313Ii 4500
=001  uab09276497
=003  UAB
=005  20141008152600.0
=006  m|||||o||d||||||||
=007  cr||||||||||||
=008  141008t19721972xx\a\\\\obm\\\000\0\eng\d
=040  \\$aUAB$beng$erda$cUAB
=050  \4$aQD331$b.V85 1972
=090  \\$aInternet Access$bAEU
=100  1\$aVukov, Rastko,$eauthor.
=245  14$aThe chemistry of some strained systems exo-bicyclo[2.1.1]hex-2-en-5-ol and exo-anti-tricyclo[3.1.1.0[superscript 2,4]]haptan-6-ol derivatives /$cby Rastko Vukov.
=264  \1$c[1972]
=264  \4$c©1972
=300  \\$a1 online resource (185 pages) :$billustrations
=336  \\$atext$btxt$2rdacontent
=337  \\$acomputer$bc$2rdamedia
=338  \\$aonline resource$bcr$2rdacarrier
=500  \\$a"A thesis submitted to the Faculty of Graduate Studies and Research in partial fulfilment of the requirements for the degree of Doctor of Philosophy, Department of Chemistry."
=502  \\$bPh. D.$cUniversity of Alberta$d1972.
=504  \\$aIncludes bibliographical references (pages 176-185).
=590  \\$aLibrary copy imperfect: pages 28 scanned twice; page 93 missing.
=650  \0$aBicyclic compounds.
=710  2\$aUniversity of Alberta.$bDepartment of Chemistry.
=900  \\$aNK13619
=949  \\$zUAIN$zETHESIS

