=LDR  01267ntm a2200337Ii 4500
=001  uab09275727
=003  UAB
=005  20141006151957.0
=006  m|||||o||d||||||||
=007  cr||||||||||||
=008  141006t19711971xx\ad\\\obm\\\000\0\eng\d
=040  \\$aUAB$beng$erda$cUAB
=050  \4$aQD181.T7$bR54 1971
=090  \\$aInternet Access$bAEU
=100  1\$aRienvatana, Pimol,$eauthor.
=245  12$aA spectroscopic, polarographic and conductometric study of thallium (I) salts in solution /$cby Pimol Rienvatana.
=264  \1$c[1971]
=264  \4$c©1971
=300  \\$a1 online resource (xiii, 109 pages) :$billustrations
=336  \\$atext$btxt$2rdacontent
=337  \\$acomputer$bc$2rdamedia
=338  \\$aonline resource$bcr$2rdacarrier
=500  \\$a"A thesis submitted to the Faculty of Graduate Studies and Research in partial fulfilment of the requirements for the degree of Doctor of Philosophy, Department of Chemistry."
=502  \\$bPh. D.$cUniversity of Alberta$d1971.
=504  \\$aIncludes bibliographical references (pages 103-108).
=650  \0$aThallium.
=650  \0$aSpectrum analysis.
=650  \0$aPolarography.
=650  \0$aConductometric analysis.
=710  2\$aUniversity of Alberta.$bDepartment of Chemistry.
=900  \\$aNK08116
=949  \\$zUAIN$zETHESIS

