=LDR  01209ntm a2200313Ii 4500
=001  uab09275986
=003  UAB
=005  20141007113551.0
=006  m|||||o||d||||||||
=007  cr||||||||||||
=008  141007t19721972xx\ad\\\obm\\\000\0\eng\d
=040  \\$aUAB$beng$erda$cUAB
=050  \4$aQD416$b.B76 1972
=090  \\$aInternet Access$bAEU
=100  1\$aBrowne, Lois Margaret,$eauthor.
=245  10$aI. Synthesis of grandisol. II. Towards the synthesis of actinobolamine /$cby Lois Margaret Browne.
=264  \1$c[1972]
=264  \4$c©1972
=300  \\$a1 online resource (vii, 151 pages) :$billustrations
=336  \\$atext$btxt$2rdacontent
=337  \\$acomputer$bc$2rdamedia
=338  \\$aonline resource$bcr$2rdacarrier
=500  \\$a"A thesis submitted to the Faculty of Graduate Studies and Research in partial fulfilment of the requirements for the degree of Doctor of Philosophy, Department of Chemistry."
=502  \\$bPh. D.$cUniversity of Alberta$d1972.
=504  \\$aIncludes bibliographical references (pages 86-95, 148-151).
=650  \0$aMonoterpenes$xSynthesis.
=650  \0$aCyclobutane$xSynthesis.
=710  2\$aUniversity of Alberta.$bDepartment of Chemistry.
=900  \\$aNK13315
=949  \\$zUAIN$zETHESIS

