=LDR  01141ntm a2200313Ii 4500
=001  uab09276750
=003  UAB
=005  20141009081618.0
=006  m|||||o||d||||||||
=007  cr||||||||||||
=008  141009t19711971xx\ad\\\obm\\\000\0\eng\d
=040  \\$aUAB$beng$erda$cUAB
=050  \4$aQD181.S6$bP65 1971
=090  \\$aInternet Access$bAEU
=100  1\$aPollock, Thomas Long,$eauthor.
=245  14$aThe photochemistry of silicon hydrides /$cby Thomas Long Pollock.
=264  \1$c[1971]
=264  \4$c©1971
=300  \\$a1 online resource (xv, 222 pages) :$billustrations
=336  \\$atext$btxt$2rdacontent
=337  \\$acomputer$bc$2rdamedia
=338  \\$aonline resource$bcr$2rdacarrier
=500  \\$a"A thesis submitted to the Faculty of Graduate Studies in partial fulfilment of the requirements for the degree of Doctor of Philosophy, Department of Chemistry."
=502  \\$bPh. D.$cUniversity of Alberta$d1971.
=504  \\$aIncludes bibliographical references (pages 184-195).
=650  \0$aSilane compounds.
=650  \0$aPhotochemistry.
=710  2\$aUniversity of Alberta.$bDepartment of Chemistry.
=900  \\$aNK09632
=949  \\$zUAIN$zETHESIS

