=LDR  01232ntm a2200325Ii 4500
=001  uab09276689
=003  UAB
=005  20141008200507.0
=006  m|||||o||d||||||||
=007  cr||||||||||||
=008  141008t19731973xx\ad\\\obm\\\000\0\eng\d
=040  \\$aUAB$beng$erda$cUAB
=050  \4$aQD501$b.P39 1973
=090  \\$aInternet Access$bAEU
=100  1\$aPayzant, John Donald,$eauthor.
=245  10$aStudies of the kinetics and equilibria of selected ion-molecule reactions /$cby John Donald Payzant.
=264  \1$c[1973]
=264  \4$c©1973
=300  \\$a1 online resource (xxiii, 316 pages) :$billustrations
=336  \\$atext$btxt$2rdacontent
=337  \\$acomputer$bc$2rdamedia
=338  \\$aonline resource$bcr$2rdacarrier
=500  \\$a"A thesis submitted to the Faculty of Graduate Studies and Research in partial fulfilment of the requirements for the degree of Doctor of Philosophy, Department of Chemistry."
=502  \\$bPh. D.$cUniversity of Alberta$d1973.
=504  \\$aIncludes bibliographical references (pages 297-308).
=650  \0$aChemical reaction, Conditions and laws of.
=650  \0$aIons.
=650  \0$aMolecules.
=710  2\$aUniversity of Alberta.$bDepartment of Chemistry.
=900  \\$aNK15305
=949  \\$zUAIN$zETHESIS

