=LDR  01144ntm a2200301Ii 4500
=001  uab09277151
=003  UAB
=005  20141009182224.0
=006  m|||||o||d||||||||
=007  cr||||||||||||
=008  141009t19741974xx\ad\\\obm\\\000\0\eng\d
=040  \\$aUAB$beng$erda$cUAB
=050  \4$aTL574.W3$bR35 1974
=090  \\$aInternet Access$bAEU
=100  1\$aRai, Shri Prakash,$eauthor.
=245  13$aAn investigation of plane turbulent wall-wakes /$cby Shri Prakash Rai.
=264  \1$c[1974]
=264  \4$c©1974
=300  \\$a1 online resource (xix, 263 pages) :$billustrations
=336  \\$atext$btxt$2rdacontent
=337  \\$acomputer$bc$2rdamedia
=338  \\$aonline resource$bcr$2rdacarrier
=500  \\$a"A thesis submitted to the Faculty of Graduate Studies and Research in partial fulfilment of the requirements for the degree of Doctor of Philosophy, Department of Civil Engineering."
=502  \\$bPh. D.$cUniversity of Alberta$d1974.
=504  \\$aIncludes bibliographical references (pages 220-227).
=650  \0$aWakes (Aerodynamics)
=710  2\$aUniversity of Alberta.$bDepartment of Civil Engineering.
=900  \\$aNK21089
=949  \\$zUAIN$zETHESIS

