=LDR  01322ntm a2200325Ii 4500
=001  uab09275296
=003  UAB
=005  20141003150522.0
=006  m|||||o||d||||||||
=007  cr||||||||||||
=008  141003t19701970xx\ad\\\obm\\\000\0\eng\d
=040  \\$aUAB$beng$erda$cUAB
=050  \4$aTH2231$b.M35 1970
=090  \\$aInternet Access$bAEU
=100  1\$aMajumdar, Saurendra Nath Guha,$eauthor.
=245  10$aExperimental and analytical study of the behavior of coupled shear wall-frame structures /$cby Saurendra Nath Guha Majumdar.
=264  \1$c[1970]
=264  \4$c©1970
=300  \\$a1 online resource (1 volume (various pagings)) :$billustrations
=336  \\$atext$btxt$2rdacontent
=337  \\$acomputer$bc$2rdamedia
=338  \\$aonline resource$bcr$2rdacarrier
=500  \\$a"A thesis submitted to the Faculty of Graduate Studies and Research in partial fulfilment of the requirements for the degree of Doctor of Philosophy, Department of Civil Engineering."
=502  \\$bPh. D.$cUniversity of Alberta$d1970.
=504  \\$aIncludes bibliographical references (pages 128-134).
=590  \\$aLibrary copy imperfect: some figures scanned twice.
=650  \0$aShear walls$xTesting.
=650  \0$aWalls$xTesting.
=710  2\$aUniversity of Alberta.$bDepartment of Civil Engineering.
=900  \\$aNK06738
=949  \\$zUAIN$zETHESIS

