=LDR  01186ntm a2200325Ii 4500
=001  uab09277264
=003  UAB
=005  20141009204927.0
=006  m|||||o||d||||||||
=007  cr||||||||||||
=008  141009t19741974xx\ad\\\obm\\\000\0\eng\d
=040  \\$aUAB$beng$erda$cUAB
=050  \4$aTC173$b.B45 1974
=090  \\$aInternet Access$bAEU
=100  1\$aBeltaos, S.,$d1944-$eauthor.
=245  10$aTurbulent impinging jets /$cby Spyridon Beltaos.
=264  \1$c[1974]
=264  \4$c©1974
=300  \\$a1 online resource (xxii, 335 pages) :$billustrations
=336  \\$atext$btxt$2rdacontent
=337  \\$acomputer$bc$2rdamedia
=338  \\$aonline resource$bcr$2rdacarrier
=500  \\$a"A thesis submitted to the Faculty of Graduate Studies and Research in partial fulfilment of the requirements for the degree of Doctor of Philosophy, Department of Civil Engineering."
=502  \\$bPh. D.$cUniversity of Alberta$d1974.
=504  \\$aIncludes bibliographical references (pages 279-284).
=650  \0$aAir jets.
=650  \0$aHeat$xTransmission.
=650  \0$aGas-turbines$xCooling.
=710  2\$aUniversity of Alberta.$bDepartment of Civil Engineering.
=900  \\$aNK21761
=949  \\$zUAIN$zETHESIS

