=LDR  01179ntm a2200325Ii 4500
=001  uab09276737
=003  UAB
=005  20141004091536.0
=006  m|||||o||d||||||||
=007  cr||||||||||||
=008  141004t19721972xx\ad\\\obm\\\000\0\eng\d
=040  \\$aUAB$beng$erda$cUAB
=043  \\$an-cn---
=050  \4$aHE597.C2$bB79 1972
=090  \\$aInternet Access$bAEU
=100  1\$aBryan, Ingrid A.,$eauthor.
=245  10$aEssays on transportation and trade /$cby Ingrid A. Bryan.
=264  \1$c[1972]
=264  \4$c©1972
=300  \\$a1 online resource (ix, 185 pages) :$billustrations
=336  \\$atext$btxt$2rdacontent
=337  \\$acomputer$bc$2rdamedia
=338  \\$aonline resource$bcr$2rdacarrier
=500  \\$a"A thesis submitted to the Faculty of Graduate Studies and Research in partial fulfilment of the requirements for the degree of Doctor of Philosophy, Department of Economics."
=502  \\$bPh. D.$cUniversity of Alberta$d1972.
=504  \\$aIncludes bibliographical references (pages 155-162).
=650  \0$aShipping$xRates$zCanada.
=650  \0$aShipping conferences.
=710  2\$aUniversity of Alberta.$bDepartment of Economics.
=900  \\$aNK11120
=949  \\$zUAIN$zETHESIS

