=LDR  01310ntm a2200337Ii 4500
=001  uab09277668
=003  UAB
=005  20141013101142.0
=006  m|||||o||d||||||||
=007  cr||||||||||||
=008  141013t19741974xx\ad\\\obm\\\000\0\eng\d
=040  \\$aUAB$beng$erda$cUAB
=050  \4$aK3740$b.S77 1974
=090  \\$aInternet Access$bAEU
=100  1\$aStringham, Bryant L.,$eauthor.
=245  14$aThe School Act, 1970 :$ba case study of public policymaking in education /$cby Bryant L. Stringham.
=264  \1$c[1974]
=264  \4$c©1974
=300  \\$a1 online resource (xii, 223 pages) :$billustrations
=336  \\$atext$btxt$2rdacontent
=337  \\$acomputer$bc$2rdamedia
=338  \\$aonline resource$bcr$2rdacarrier
=500  \\$a"A thesis submitted to the Faculty of Graduate Studies and Research in partial fulfilment of the requirements for the degree of Doctor of Philosophy, Department of Educational Administration."
=502  \\$bPh. D.$cUniversity of Alberta$d1974.
=504  \\$aIncludes bibliographical references (pages 187-196).
=650  \0$aEducational law and legislation.
=650  \0$aEducation and state.
=650  \0$aPolitical planning.
=650  \0$aPolicy sciences.
=710  2\$aUniversity of Alberta.$bDepartment of Educational Administration.
=900  \\$aNK21986
=949  \\$zUAIN$zETHESIS

