=LDR  01288ntm a2200325Ii 4500
=001  uab09276562
=003  UAB
=005  20141008173508.0
=006  m|||||o||d||||||||
=007  cr||||||||||||
=008  141008t19731973xx\ad\\\obm\\\000\0\eng\d
=040  \\$aUAB$beng$erda$cUAB
=050  \4$aBF575.E55$bH86 1973
=090  \\$aInternet Access$bAEU
=100  1\$aHundleby, Glenn Daryll,$eauthor.
=245  10$aCommunication of empathy /$cby Glenn Daryll Hundleby.
=264  \1$c[1973]
=264  \4$c©1973
=300  \\$a1 online resource (xii, 222 pages) :$billustrations
=336  \\$atext$btxt$2rdacontent
=337  \\$acomputer$bc$2rdamedia
=338  \\$aonline resource$bcr$2rdacarrier
=500  \\$a"A thesis submitted to the Faculty of Graduate Studies and Research in partial fulfilment of the requirements for the degree of Doctor of Philosophy, Department of Educational Psychology."
=500  \\$aIncludes CUE : communicating understanding and empathy : manual / by Glenn Hundleby (pages [112]-222).
=502  \\$bPh. D.$cUniversity of Alberta$d1973.
=504  \\$aIncludes bibliographical references (pages 72-82).
=650  \0$aEmpathy$xResearch.
=650  \0$aInterviewing.
=710  2\$aUniversity of Alberta.$bDepartment of Educational Psychology.
=900  \\$aNK15247
=949  \\$zUAIN$zETHESIS

