=LDR  01235ntm a2200313Ii 4500
=001  uab09277304
=003  UAB
=005  20141010110644.0
=006  m|||||o||d||||||||
=007  cr||||||||||||
=008  141010t19741974xx\ad\\\obm\\\000\0\eng\d
=040  \\$aUAB$beng$erda$cUAB
=050  \4$aTA1695$b.S43 1974
=090  \\$aInternet Access$bAEU
=100  1\$aSedgwick, George E. E.,$eauthor.
=245  10$aCW CO2 laser systems powered by transverse electrical discharges /$cby George E.E. Sedgwick.
=264  \1$c[1974]
=264  \4$c©1974
=300  \\$a1 online resource (xviii, 223 pages) :$billustrations
=336  \\$atext$btxt$2rdacontent
=337  \\$acomputer$bc$2rdamedia
=338  \\$aonline resource$bcr$2rdacarrier
=500  \\$a"A thesis submitted to the Faculty of Graduate Studies and Research in partial fulfilment of the requirements for the degree of Doctor of Philosophy, Department of Electrical Engineering."
=502  \\$bPh. D.$cUniversity of Alberta$d1974.
=504  \\$aIncludes bibliographical references (pages 195-206).
=650  \0$aCarbon dioxide lasers.
=650  \0$aElectric discharges through gases.
=710  2\$aUniversity of Alberta.$bDepartment of Electrical Engineering.
=900  \\$aNK21105
=949  \\$zUAIN$zETHESIS

