=LDR  01280ntm a2200337Ii 4500
=001  uab09277125
=003  UAB
=005  20141009172321.0
=006  m|||||o||d||||||||
=007  cr||||||||||||
=008  141009t19741974xx\ad\\\obm\\\000\0\eng\d
=040  \\$aUAB$beng$erda$cUAB
=050  \4$aQC718.5.D5$bK47 1974
=090  \\$aInternet Access$bAEU
=100  1\$aKerr, Robert David,$eauthor.
=245  10$aPlasma diagnostics using CO2 laser radiation /$cby Robert David Kerr.
=264  \1$c[1974]
=264  \4$c©1974
=300  \\$a1 online resource (x, 124 pages) :$billustrations
=336  \\$atext$btxt$2rdacontent
=337  \\$acomputer$bc$2rdamedia
=338  \\$aonline resource$bcr$2rdacarrier
=500  \\$a"A thesis submitted to the Faculty of Graduate Studies and Research in partial fulfilment of the requirements for the degree of Doctor of Philosophy, Department of Electrical Engineering."
=502  \\$bPh. D.$cUniversity of Alberta$d1974.
=504  \\$aIncludes bibliographical references (pages 106-108).
=650  \0$aPlasma diagnostics.
=650  \0$aLasers in plasma diagnostics.
=650  \0$aHigh temperature plasmas.
=650  \0$aCarbon dioxide lasers.
=710  2\$aUniversity of Alberta.$bDepartment of Electrical Engineering.
=900  \\$aNK21041
=949  \\$zUAIN$zETHESIS

