=LDR  01371ntm a2200337Ii 4500
=001  uab09275806
=003  UAB
=005  20141006175329.0
=006  m|||||o||d||||||||
=007  cr||||||||||||
=008  141006t19711971xx\ad\\\obm\\\000\0\eng\d
=040  \\$aUAB$beng$erda$cUAB
=050  \4$aTK7872.O7$bS6 1971
=090  \\$aInternet Access$bAEU
=100  1\$aSo, Beung Chai,$eauthor.
=245  10$aInjection phase-locking properties of microwave IMPATT diode and Gunn diode oscillators, with system applications /$cby Beung Chai So.
=264  \1$c[1971]
=264  \4$c©1971
=300  \\$a1 online resource (207 pages) :$billustrations
=336  \\$atext$btxt$2rdacontent
=337  \\$acomputer$bc$2rdamedia
=338  \\$aonline resource$bcr$2rdacarrier
=500  \\$a"A thesis submitted to the Faculty of Graduate Studies and Research in partial fulfilment of the requirements for the degree of Doctor of Philosophy, Department of Electrical Engineering."
=502  \\$bPh. D.$cUniversity of Alberta$d1971.
=504  \\$aIncludes bibliographical references (pages 167-174).
=590  \\$aLibrary copy imperfect: pages 6, 15, 86, 105, 116, 126, 145, 146 scanned twice.
=650  \0$aOscillators, Microwave.
=650  \0$aDiodes, IMPATT.
=650  \0$aDiodes, Gunn.
=710  2\$aUniversity of Alberta.$bDepartment of Electrical Engineering.
=900  \\$aNK08125
=949  \\$zUAIN$zETHESIS

