=LDR  01241ntm a2200313Ii 4500
=001  uab09276552
=003  UAB
=005  20141008171447.0
=006  m|||||o||d||||||||
=007  cr||||||||||||
=008  141008t19731973xx\ad\\\obm\\\000\0\eng\d
=040  \\$aUAB$beng$erda$cUAB
=050  \4$aTK7872.O7$bF55 1973
=090  \\$aInternet Access$bAEU
=100  1\$aFikart, Josef Ludvik,$eauthor.
=245  12$aA theory of oscillator noise and its application to impatt diode oscillators /$cby Josef Ludvik Fikart.
=264  \1$c[1973]
=264  \4$c©1973
=300  \\$a1 online resource (138 pages) :$billustrations
=336  \\$atext$btxt$2rdacontent
=337  \\$acomputer$bc$2rdamedia
=338  \\$aonline resource$bcr$2rdacarrier
=500  \\$a"A thesis submitted to the Faculty of Graduate Studies and Research in partial fulfilment of the requirements for the degree of Doctor of Philosophy, Department of Electrical Engineering."
=502  \\$bPh. D.$cUniversity of Alberta$d1973.
=504  \\$aIncludes bibliographical references (pages 120-123).
=650  \0$aOscillators, Electric.
=650  \0$aElectrical engineering$xMathematics.
=710  2\$aUniversity of Alberta.$bDepartment of Electrical Engineering.
=900  \\$aNK15225
=949  \\$zUAIN$zETHESIS

