=LDR  01130ntm a2200301Ii 4500
=001  uab09277283
=003  UAB
=005  20141009204927.0
=006  m|||||o||d||||||||
=007  cr||||||||||||
=008  141009t19741974xx\ad\\\obm\\\000\0\eng\d
=040  \\$aUAB$beng$erda$cUAB
=050  \4$aTA418.9.T45$bC43 1974
=090  \\$aInternet Access$bAEU
=100  1\$aChaurasia, Hari Krishna,$eauthor.
=245  10$aUltra-thin films /$cby Hari Krishna Chaurasia.
=264  \1$c[1974]
=264  \4$c©1974
=300  \\$a1 online resource (xiv, 132 pages) :$billustrations
=336  \\$atext$btxt$2rdacontent
=337  \\$acomputer$bc$2rdamedia
=338  \\$aonline resource$bcr$2rdacarrier
=500  \\$a"A thesis submitted to the Faculty of Graduate Studies and Research in partial fulfilment of the requirements for the degree of Doctor of Philosophy, Department of Electrical Engineering."
=502  \\$bPh. D.$cUniversity of Alberta$d1974.
=504  \\$aIncludes bibliographical references (pages 120-132).
=650  \0$aThin films.
=710  2\$aUniversity of Alberta.$bDepartment of Electrical Engineering.
=900  \\$aNK21783
=949  \\$zUAIN$zETHESIS

