=LDR  01422ntm a2200349Ii 4500
=001  uab09276080
=003  UAB
=005  20141007144525.0
=006  m|||||o||d||||||||
=007  cr||||||||||||
=008  141007t19721972xx\ad\\\obm\\\000\0\eng\d
=040  \\$aUAB$beng$erda$cUAB
=050  \4$aTK1081$b.E44 1972
=090  \\$aInternet Access$bAEU
=100  1\$aEl-Hawary, Mohamed El-Aref,$eauthor.
=245  10$aApplication of functional analysis optimization techniques to the economic scheduling of hydro-thermal electric power systems /$cby Mohamed El-Aref El-Hawary.
=264  \1$c[1972]
=264  \4$c©1972
=300  \\$a1 online resource (xiii, 235 pages) :$billustrations
=336  \\$atext$btxt$2rdacontent
=337  \\$acomputer$bc$2rdamedia
=338  \\$aonline resource$bcr$2rdacarrier
=500  \\$a"A thesis submitted to the Faculty of Graduate Studies and Research in partial fulfilment of the requirements for the degree of Doctor of Philosophy, Department of Electrical Engineering."
=502  \\$bPh. D.$cUniversity of Alberta$d1972.
=504  \\$aIncludes bibliographical references (pages 212-221).
=650  \0$aHydroelectric power plants.
=650  \0$aWater-power electric plants.
=650  \0$aFunctional analysis.
=650  \0$aMathematical optimization.
=650  \0$aProduction scheduling.
=710  2\$aUniversity of Alberta.$bDepartment of Electrical Engineering.
=900  \\$aNK13360
=949  \\$zUAIN$zETHESIS

