=LDR  01134ntm a2200301Ii 4500
=001  uab09276176
=003  UAB
=005  20141007173728.0
=006  m|||||o||d||||||||
=007  cr||||||||||||
=008  141007t19721972xx\ad\\\obm\\\000\0\eng\d
=040  \\$aUAB$beng$erda$cUAB
=050  \4$aQC718.5.M36$bJ87 1972
=090  \\$aInternet Access$bAEU
=100  1\$aJurak, Karel,$eauthor.
=245  10$aCoaxial plasma accelerator study /$cby Karel Jurak.
=264  \1$c[1972]
=264  \4$c©1972
=300  \\$a1 online resource (viii, 107 pages) :$billustrations
=336  \\$atext$btxt$2rdacontent
=337  \\$acomputer$bc$2rdamedia
=338  \\$aonline resource$bcr$2rdacarrier
=500  \\$a"A thesis submitted to the Faculty of Graduate Studies and Research in partial fulfilment of the requirements for the degree of Doctor of Philosophy, Department of Electrical Engineering."
=502  \\$bPh. D.$cUniversity of Alberta$d1972.
=504  \\$aIncludes bibliographical references (pages 104-107).
=650  \0$aPlasma accelerators.
=710  2\$aUniversity of Alberta.$bDepartment of Electrical Engineering.
=900  \\$aNK13429
=949  \\$zUAIN$zETHESIS

