=LDR  01284ntm a2200325Ii 4500
=001  uab09276166
=003  UAB
=005  20141007171243.0
=006  m|||||o||d||||||||
=007  cr||||||||||||
=008  141007t19721972xx\ad\\\obm\\\000\0\eng\d
=040  \\$aUAB$beng$erda$cUAB
=050  \4$aTK4601$b.J64 1972
=090  \\$aInternet Access$bAEU
=100  1\$aJohnston, Donald Alexander,$eauthor.
=245  10$aTravelling wave and resonant microwave heating applicator design /$cby Donald Alexander Johnston.
=264  \1$c[1972]
=264  \4$c©1972
=300  \\$a1 online resource (xv, 149 pages) :$billustrations
=336  \\$atext$btxt$2rdacontent
=337  \\$acomputer$bc$2rdamedia
=338  \\$aonline resource$bcr$2rdacarrier
=500  \\$a"A thesis submitted to the Faculty of Graduate Studies and Research in partial fulfilment of the requirements for the degree of Doctor of Philosophy, Department of Electrical Engineering."
=502  \\$bPh. D.$cUniversity of Alberta$d1972.
=504  \\$aIncludes bibliographical references (pages 129-135).
=590  \\$aLibrary copy imperfect: pages 104, 107 scanned twice.
=650  \0$aMicrowave heating.
=650  \0$aMicrowaves.
=710  2\$aUniversity of Alberta.$bDepartment of Electrical Engineering.
=900  \\$aNK13427
=949  \\$zUAIN$zETHESIS

