=LDR  01319ntm a2200325Ii 4500
=001  uab09274584
=003  UAB
=005  20141001184413.0
=006  m|||||o||d||||||||
=007  cr||||||||||||
=008  141001t19691969xx\\\\\\obm\\\000\0\eng\d
=040  \\$aUAB$beng$erda$cUAB
=050  \4$aPN686.G3$bT46 1969
=090  \\$aInternet Access$bAEU
=100  1\$aThompson, Raymond H.,$eauthor.
=245  10$aSir Gawain and heroic tradition :$ba study of the influence of changing heroic ideals upon the reputation of Gawain in the medieval literature of France and Britain /$cby Raymond H. Thompson.
=264  \1$c[1969]
=264  \4$c©1969
=300  \\$a1 online resource (475 pages)
=336  \\$atext$btxt$2rdacontent
=337  \\$acomputer$bc$2rdamedia
=338  \\$aonline resource$bcr$2rdacarrier
=500  \\$a"A thesis submitted to the Faculty of Graduate Studies and Research in partial fulfilment of the requirements for the degree of Doctor of Philosophy, Department of English."
=502  \\$bPh. D.$cUniversity of Alberta$d1969.
=504  \\$aIncludes bibliographical references (pages 463-475).
=650  \0$aGawain (Legendary character)
=650  \0$aArthurian romances$xHistory and criticism.
=650  \0$aChivalry.
=710  2\$aUniversity of Alberta.$bDepartment of English.
=900  \\$aNK04982
=949  \\$zUAIN$zETHESIS

