=LDR  01314ntm a2200337Ii 4500
=001  uab09274988
=003  UAB
=005  20141002174459.0
=006  m|||||o||d||||||||
=007  cr||||||||||||
=008  141002t19701970xx\\\\\\obm\\\000\0\eng\d
=040  \\$aUAB$beng$erda$cUAB
=050  \4$aPR625$b.Y68 1970
=090  \\$aInternet Access$bAEU
=100  1\$aYoung, Alan R.,$d1941-$eauthor.
=245  14$aThe English prodigal son plays to 1625 /$cby Alan R. Young.
=264  \1$c[1970]
=264  \4$c©1970
=300  \\$a1 online resource (vii, 520 pages)
=336  \\$atext$btxt$2rdacontent
=337  \\$acomputer$bc$2rdamedia
=338  \\$aonline resource$bcr$2rdacarrier
=500  \\$a"A thesis submitted to the Faculty of Graduate Studies and Research in partial fulfilment of the requirements for the degree of Doctor of Philosophy, Department of English."
=502  \\$bPh. D.$cUniversity of Alberta$d1970.
=504  \\$aIncludes bibliographical references (pages 483-520).
=650  \0$aEnglish drama$yTo 1500$xHistory and criticism.
=650  \0$aEnglish drama$y16th century$xHistory and criticism.
=650  \0$aEnglish drama$y17th century$xHistory and criticism.
=650  \0$aProdigal son (Parable) in literature.
=710  2\$aUniversity of Alberta.$bDepartment of English.
=900  \\$aNK06248
=949  \\$zUAIN$zETHESIS

