=LDR  01272ntm a2200337Ii 4500
=001  uab09277070
=003  UAB
=005  20141009161933.0
=006  m|||||o||d||||||||
=007  cr||||||||||||
=008  141009t19741974xx\a\\\\obm\\\000\0deng\d
=040  \\$aUAB$beng$erda$cUAB
=050  \4$aBL900$b.O37 1974
=090  \\$aInternet Access$bAEU
=100  1\$aO'Grady, Anne Frances,$eauthor.
=245  10$aPatterns of mythology in modern Irish drama /$cby Anne Frances O'Grady.
=264  \1$c[1974]
=264  \4$c©1974
=300  \\$a1 online resource (ix, 346 pages) :$billustrations
=336  \\$atext$btxt$2rdacontent
=337  \\$acomputer$bc$2rdamedia
=338  \\$aonline resource$bcr$2rdacarrier
=500  \\$a"A thesis submitted to the Faculty of Graduate Studies and Research in partial fulfilment of the requirements for the degree of Doctor of Philosophy, Department of English."
=502  \\$bPh. D.$cUniversity of Alberta$d1974.
=504  \\$aIncludes bibliographical references (pages 320-332).
=650  \0$aMythology, Celtic.
=650  \0$aEnglish drama$xIrish authors.
=600  10$aJoyce, James,$d1882-1941.
=600  10$aYeats, W. B.$q(William Butler),$d1865-1939.
=710  2\$aUniversity of Alberta.$bDepartment of English.
=900  \\$aNK06248
=949  \\$zUAIN$zETHESIS

