=LDR  01169ntm a2200301Ii 4500
=001  uab09276600
=003  UAB
=005  20141008181634.0
=006  m|||||o||d||||||||
=007  cr||||||||||||
=008  141008t19731973xx\\\\\\obm\\\000\0deng\d
=040  \\$aUAB$beng$erda$cUAB
=050  \4$aPR4711$b.P36 1973
=090  \\$aInternet Access$bAEU
=100  1\$aPanuska, Janet A. R.,$eauthor.
=245  10$aCharacter artistry in the novels on Elizabeth Gaskell /$cby Janet A.R. Panuska.
=264  \1$c[1973]
=264  \4$c©1973
=300  \\$a1 online resource (viii, 262 pages)
=336  \\$atext$btxt$2rdacontent
=337  \\$acomputer$bc$2rdamedia
=338  \\$aonline resource$bcr$2rdacarrier
=500  \\$a"A thesis submitted to the Faculty of Graduate Studies and Research in partial fulfilment of the requirements for the degree of Doctor of Philosophy, Department of English."
=502  \\$bPh. D.$cUniversity of Alberta$d1973.
=504  \\$aIncludes bibliographical references (pages 250-262).
=600  10$aGaskell, Elizabeth Cleghorn,$d1810-1865$xCriticism and interpretation.
=710  2\$aUniversity of Alberta.$bDepartment of English.
=949  \\$zUAIN$zETHESIS

