=LDR  01158ntm a2200313Ii 4500
=001  uab09276524
=003  UAB
=005  20141008163751.0
=006  m|||||o||d||||||||
=007  cr||||||||||||
=008  141008t19721972xx\\\\\\obm\\\000\0deng\d
=040  \\$aUAB$beng$erda$cUAB
=050  \4$aPR3427.P6$bS75 1972
=090  \\$aInternet Access$bAEU
=100  1\$aSt. John, F. Leonard,$eauthor.
=245  10$aDryden's political tone /$cby F. Leonard St. John.
=264  \1$c[1972]
=264  \4$c©1972
=300  \\$a1 online resource ([vi], 213 pages)
=336  \\$atext$btxt$2rdacontent
=337  \\$acomputer$bc$2rdamedia
=338  \\$aonline resource$bcr$2rdacarrier
=500  \\$a"A thesis submitted to the Faculty of Graduate Studies and Research in partial fulfilment of the requirements for the degree of Doctor of Philosophy, Department of English."
=502  \\$bPh. D.$cUniversity of Alberta$d1972.
=504  \\$aIncludes bibliographical references (pages 207-213).
=600  10$aDryden, John,$d1631-1700$xPolitical and social views.
=650  \0$aTone (Phonetics)
=710  2\$aUniversity of Alberta.$bDepartment of English.
=900  \\$aNK13636
=949  \\$zUAIN$zETHESIS

