=LDR  01397ntm a2200349Ii 4500
=001  uab09277675
=003  UAB
=005  20141013103403.0
=006  m|||||o||d||||||||
=007  cr||||||||||||
=008  141013t19731973xx\\\\\\obm\\\000\0deng\d
=040  \\$aUAB$beng$erda$cUAB
=050  \4$aPN1995.9.M472$bT54 1973
=090  \\$aInternet Access$bAEU
=100  1\$aTiessen, Paul,$eauthor.
=245  10$aCinema :$bthe medium as metaphor in the work of Wyndham Lewis and Dorothy Richardson /$cby Paul Gerard Tiessen.
=264  \1$c[1973]
=264  \4$c©1973
=300  \\$a1 online resource (viii, 295 pages)
=336  \\$atext$btxt$2rdacontent
=337  \\$acomputer$bc$2rdamedia
=338  \\$aonline resource$bcr$2rdacarrier
=500  \\$a"A thesis submitted to the Faculty of Graduate Studies and Research in partial fulfilment of the requirements for the degree of Doctor of Philosophy, Department of English."
=502  \\$bPh. D.$cUniversity of Alberta$d1973.
=504  \\$aIncludes bibliographical references (pages 286-295).
=600  10$aLewis, Wyndham,$d1882-1957$xCriticism and interpretation.
=600  10$aRichardson, Dorothy Miller,$d1873-1957$xCriticism and interpretation.
=650  \0$aMetaphor in motion pictures.
=650  \0$aSilent films.
=650  \0$aStream of consciousness fiction.
=710  2\$aUniversity of Alberta.$bDepartment of English.
=900  \\$aNK21992
=949  \\$zUAIN$zETHESIS

