=LDR  01153ntm a2200301Ii 4500
=001  uab09274562
=003  UAB
=005  20141001175410.0
=006  m|||||o||d||||||||
=007  cr||||||||||||
=008  141001t19691969xx\\\\\\obm\\\000\0deng\d
=040  \\$aUAB$beng$erda$cUAB
=050  \4$aPR6005.O4$bM58 1969
=090  \\$aInternet Access$bAEU
=100  1\$aMnthali, Felix,$d1933-$eauthor.
=245  10$aSkepticism and tragedy in the works of Joseph Conrad /$cby Felix Mnthali.
=264  \1$c[1969]
=264  \4$c©1969
=300  \\$a1 online resource (viii, 230 pages)
=336  \\$atext$btxt$2rdacontent
=337  \\$acomputer$bc$2rdamedia
=338  \\$aonline resource$bcr$2rdacarrier
=500  \\$a"A thesis submitted to the Faculty of Graduate Studies and Research in partial fulfilment of the requirements for the degree of Doctor of Philosophy, Department of English."
=502  \\$bPh. D.$cUniversity of Alberta$d1969.
=504  \\$aIncludes bibliographical references (pages 222-230).
=600  10$aConrad, Joseph,$d1857-1924$xCriticism and interpretation.
=710  2\$aUniversity of Alberta.$bDepartment of English.
=900  \\$aNK04957
=949  \\$zUAIN$zETHESIS

