=LDR  01146ntm a2200313Ii 4500
=001  uab09276742
=003  UAB
=005  20141009073003.0
=006  m|||||o||d||||||||
=007  cr||||||||||||
=008  141009t19711971xx\\\\\\obm\\\000\0deng\d
=040  \\$aUAB$beng$erda$cUAB
=050  \4$aPS3509.L43$bM66 1971
=090  \\$aInternet Access$bAEU
=100  1\$aMontgomery, Peter Cleghorn,$eauthor.
=245  10$aEliot's urban morality plays /$cby Peter Cleghorn Montgomery.
=264  \1$c[1971]
=264  \4$c©1971
=300  \\$a1 online resource (vi, 310 pages)
=336  \\$atext$btxt$2rdacontent
=337  \\$acomputer$bc$2rdamedia
=338  \\$aonline resource$bcr$2rdacarrier
=500  \\$a"A thesis submitted to the Faculty of Graduate Studies in partial fulfilment of the requirements for the degree of Doctor of Philosophy, Department of English."
=502  \\$bPh. D.$cUniversity of Alberta$d1971.
=504  \\$aIncludes bibliographical references (pages 300-310).
=600  10$aEliot, T. S.$q(Thomas Stearns),$d1888-1965.
=650  \0$aMoralities.
=710  2\$aUniversity of Alberta.$bDepartment of English.
=900  $aNK09625
=949  \\$zUAIN$zETHESIS

