=LDR  01153ntm a2200301Ii 4500
=001  uab09275310
=003  UAB
=005  20141003061339.0
=006  m|||||o||d||||||||
=007  cr||||||||||||
=008  141003t19711971xx\\\\\\obm\\\000\0deng\d
=040  \\$aUAB$beng$erda$cUAB
=050  \4$aPR6013.R44$bZ534 1971
=090  \\$aInternet Access$bAEU
=100  1\$aBeckles, William Anthony,$eauthor.
=245  10$aCatholicism in the fiction of Graham Greene /$cby William Anthony Beckles.
=264  \1$c[1971]
=264  \4$c©1971
=300  \\$a1 online resource (260 pages)
=336  \\$atext$btxt$2rdacontent
=337  \\$acomputer$bc$2rdamedia
=338  \\$aonline resource$bcr$2rdacarrier
=500  \\$a"A thesis submitted to the Faculty of Graduate Studies and Research in partial fulfilment of the requirements for the degree of Doctor of Philosophy, Department of English."
=502  \\$bPh. D.$cUniversity of Alberta$d1971.
=504  \\$aIncludes bibliographical references (pages 238-260).
=600  10$aGreene, Graham,$d1904-1991$xCriticism and interpretation.
=710  2\$aUniversity of Alberta.$bDepartment of English.
=900  \\$aNK09574
=949  \\$zUAIN$zETHESIS

