=LDR  01230ntm a2200313Ii 4500
=001  uab09275058
=003  UAB
=005  20141002204320.0
=006  m|||||o||d||||||||
=007  cr||||||||||||
=008  141002t19701970xx\ad\\\obm\\\000\0\eng\d
=040  \\$aUAB$beng$erda$cUAB
=050  \4$aSB945.G53$bE45 1970
=090  \\$aInternet Access$bAEU
=100  1\$aEllis, Clifford Roy,$eauthor.
=245  10$aFactors influencing the susceptibility of two strains of Sitophilus granarius (L.) to 1,2-dibromoethane (EDB) /$cby Clifford Roy Ellis.
=264  \1$c[1970]
=264  \4$c©1970
=300  \\$a1 online resource (xiii, 116 pages) :$billustrations
=336  \\$atext$btxt$2rdacontent
=337  \\$acomputer$bc$2rdamedia
=338  \\$aonline resource$bcr$2rdacarrier
=500  \\$a"A thesis submitted to the Faculty of Graduate Studies and Research in partial fulfilment of the requirements for the degree of Doctor of Philosophy, Department of Entomology."
=502  \\$bPh. D.$cUniversity of Alberta$d1970.
=504  \\$aIncludes bibliographical references (pages 100-110).
=650  \0$aGranary weevil.
=650  \0$aEthylene dibromide.
=710  2\$aUniversity of Alberta.$bDepartment of Entomology.
=900  \\$aNK06705
=949  \\$zUAIN$zETHESIS

