=LDR  01310ntm a2200325Ii 4500
=001  uab09275037
=003  UAB
=005  20141002191457.0
=006  m|||||o||d||||||||
=007  cr||||||||||||
=008  141002t19701970xx\ad\\\obm\\\000\0\eng\d
=040  \\$aUAB$beng$erda$cUAB
=043  \\$an-cn-ab
=050  \4$aQL537.A4$bS44 1970
=090  \\$aInternet Access$bAEU
=100  1\$aSehgal, Vinod Kumar,$eauthor.
=245  12$aA taxonomic survey of agromyzid flies of Alberta and a study of host-plant relationships of an oligophagous species Phytomyza matricariae hendel (Diptera : agromyzidae) /$cby Vinod Kumar Sehgal.
=264  \1$c[1970]
=264  \4$c©1970
=300  \\$a1 online resource (xiv, 359 pages) :$billustrations
=336  \\$atext$btxt$2rdacontent
=337  \\$acomputer$bc$2rdamedia
=338  \\$aonline resource$bcr$2rdacarrier
=500  \\$a"A thesis submitted to the Faculty of Graduate Studies and Research in partial fulfilment of the requirements for the degree of Doctor of Philosophy, Department of Entomology."
=502  \\$bPh. D.$cUniversity of Alberta$d1970.
=504  \\$aIncludes bibliographical references (pages 308-320).
=650  \0$aAgromyzidae$zAlberta.
=650  \0$aHost plants.
=710  2\$aUniversity of Alberta.$bDepartment of Entomology.
=900  \\$aNK06239
=949  \\$zUAIN$zETHESIS

