=LDR  01164ntm a2200301Ii 4500
=001  uab09274935
=003  UAB
=005  20141002052348.0
=006  m|||||o||d||||||||
=007  cr||||||||||||
=008  141002t19691969xx\a\\\\obm\\\000\0\eng\d
=040  \\$aUAB$beng$erda$cUAB
=050  \4$aQL596.T8$bB37 1969
=090  \\$aInternet Access$bAEU
=100  1\$aBarron, John Robert,$eauthor.
=245  12$aA revision of the trogositidae of America north of Mexico (Coleoptera, Cleroidea) /$cby John Robert Barron.
=264  \1$c[1969]
=264  \4$c©1969
=300  \\$a1 online resource (xix, 372 pages) :$billustrations
=336  \\$atext$btxt$2rdacontent
=337  \\$acomputer$bc$2rdamedia
=338  \\$aonline resource$bcr$2rdacarrier
=500  \\$a"A thesis submitted to the Faculty of Graduate Studies and Research in partial fulfilment of the requirements for the degree of Doctor of Philosophy, Department of Entomology."
=502  \\$bPh. D.$cUniversity of Alberta$d1969.
=504  \\$aIncludes bibliographical references (pages [332]-357).
=650  \0$aTrogositidae.
=710  2\$aUniversity of Alberta.$bDepartment of Entomology.
=900  \\$aNK04918
=949  \\$zUAIN$zETHESIS

