=LDR  01270ntm a2200313Ii 4500
=001  uab09275319
=003  UAB
=005  20141003160412.0
=006  m|||||o||d||||||||
=007  cr||||||||||||
=008  141003t19701970xx\ad\\\obm\\\000\0\eng\d
=040  \\$aUAB$beng$erda$cUAB
=050  \4$aQL536$b.P43 1970
=090  \\$aInternet Access$bAEU
=100  1\$aPearson, Thomas Reddington,$eauthor.
=245  14$aThe structure and function of the apical labral pegs and long labellar hairs of the mosquito Aedes aegypti (L.) /$cby Thomas Reddington Pearson.
=264  \1$c[1970]
=264  \4$c©1970
=300  \\$a1 online resource (xii, 80 pages) :$billustrations
=336  \\$atext$btxt$2rdacontent
=337  \\$acomputer$bc$2rdamedia
=338  \\$aonline resource$bcr$2rdacarrier
=500  \\$a"A thesis submitted to the Faculty of Graduate Studies and Research in partial fulfilment of the requirements for the degree of Doctor of Philosophy, Department of Entomology."
=502  \\$bPh. D.$cUniversity of Alberta$d1970.
=504  \\$aIncludes bibliographical references (pages 76-80).
=590  \\$aLibrary copy imperfect: some figures scanned twice.
=650  \0$aAedes aegypti.
=710  2\$aUniversity of Alberta.$bDepartment of Entomology.
=900  \\$aNK06745
=949  \\$zUAIN$zETHESIS

