=LDR  01266ntm a2200313Ii 4500
=001  uab09275600
=003  UAB
=005  20141006110030.0
=006  m|||||o||d||||||||
=007  cr||||||||||||
=008  141006t19711971xx\abf\\obm\\\000\0\eng\d
=040  \\$aUAB$beng$erda$cUAB
=043  \\$an------
=050  \4$aQL458.42.A4$bL44 1971
=090  \\$aInternet Access$bAEU
=100  1\$aLeech, Robert Ernest$q(Robin),$eauthor.
=245  10$aRevision of the amaurobiid spiders of the Nearctic region (Arachnida:Araneida) /$cby Robert (Robin) Ernest Leech.
=264  \1$c[1971]
=264  \4$c©1971
=300  \\$a1 online resource (xxxi, 392 pages, [50] leaves of plates) :$billustrations, maps
=336  \\$atext$btxt$2rdacontent
=337  \\$acomputer$bc$2rdamedia
=338  \\$aonline resource$bcr$2rdacarrier
=500  \\$a"A thesis submitted to the Faculty of Graduate Studies and Research in partial fulfilment of the requirements for the degree of Doctor of Philosophy, Department of Entomology."
=502  \\$bPh. D.$cUniversity of Alberta$d1971.
=504  \\$aIncludes bibliographical references (pages 321-338).
=650  \0$aAmaurobiidae$zNorth America$xClassification.
=710  2\$aUniversity of Alberta.$bDepartment of Entomology.
=900  \\$aNK08094
=949  \\$zUAIN$zETHESIS

