=LDR  01196ntm a2200325Ii 4500
=001  uab09274897
=003  UAB
=005  20141002152746.0
=006  m|||||o||d||||||||
=007  cr||||||||||||
=008  141002t19691969xx\ad\\\obm\\\000\0\eng\d
=040  \\$aUAB$beng$erda$cUAB
=050  \4$aQK623.S6$bV54 1969
=090  \\$aInternet Access$bAEU
=100  1\$aVigfusson, Norman V.,$eauthor.
=245  10$aSterility mutants in Neurospora crassa /$cby Norman V. Vigfusson.
=264  \1$c[1969]
=264  \4$c©1969
=300  \\$a1 online resource (100 pages) :$billustrations
=336  \\$atext$btxt$2rdacontent
=337  \\$acomputer$bc$2rdamedia
=338  \\$aonline resource$bcr$2rdacarrier
=500  \\$a"A thesis submitted to the Faculty of Graduate Studies and Research in partial fulfilment of the requirements for the degree of Doctor of Philosophy, Department of Genetics."
=502  \\$bPh. D.$cUniversity of Alberta$d1969.
=504  \\$aIncludes bibliographical references (pages 93-100).
=650  \0$aNeurospora crassa.
=650  \0$aUltraviolet radiation.
=650  \0$aFertilization of plants.
=710  2\$aUniversity of Alberta.$bDepartment of Genetics.
=900  \\$aNK04987
=949  \\$zUAIN$zETHESIS

