=LDR  01227ntm a2200313Ii 4500
=001  uab09275289
=003  UAB
=005  20141003145339.0
=006  m|||||o||d||||||||
=007  cr||||||||||||
=008  141003t19701970xx\af\\\obm\\\000\0\eng\d
=040  \\$aUAB$beng$erda$cUAB
=050  \4$aQK629.N5$bM33 1970
=090  \\$aInternet Access$bAEU
=100  1\$aMcDonald, Brian Raymond,$eauthor.
=245  10$aReconnaisance of vegetative nuclear structures and their mode of division in Cyathus species /$cby Brian Raymond McDonald.
=264  \1$c[1970]
=264  \4$c©1970
=300  \\$a1 online resource (119 pages, [144] leaves of plates) :$billustrations
=336  \\$atext$btxt$2rdacontent
=337  \\$acomputer$bc$2rdamedia
=338  \\$aonline resource$bcr$2rdacarrier
=500  \\$a"A thesis submitted to the Faculty of Graduate Studies and Research in partial fulfilment of the requirements for the degree of Doctor of Philosophy, Department of Genetics."
=502  \\$bPh. D.$cUniversity of Alberta$d1970.
=504  \\$aIncludes bibliographical references (pages 108-119).
=650  \0$aNidulariaceae.
=650  \0$aKaryokinesis.
=710  2\$aUniversity of Alberta.$bDepartment of Genetics.
=900  \\$aNK06736
=949  \\$zUAIN$zETHESIS

