=LDR  01173ntm a2200313Ii 4500
=001  uab09275060
=003  UAB
=005  20141002205321.0
=006  m|||||o||d||||||||
=007  cr||||||||||||
=008  141002t19701970xx\ad\\\obm\\\000\0\eng\d
=040  \\$aUAB$beng$erda$cUAB
=050  \4$aSB205.M4$bG55 1970
=090  \\$aInternet Access$bAEU
=100  1\$aGillies, Christopher Bob,$eauthor.
=245  10$aPachytene chromosome studies in the genus Medicago /$cby Christopher Bob Gillies.
=264  \1$c[1970]
=264  \4$c©1970
=300  \\$a1 online resource (xiii, 224 pages) :$billustrations
=336  \\$atext$btxt$2rdacontent
=337  \\$acomputer$bc$2rdamedia
=338  \\$aonline resource$bcr$2rdacarrier
=500  \\$a"A thesis submitted to the Faculty of Graduate Studies and Research in partial fulfilment of the requirements for the degree of Doctor of Philosophy, Department of Genetics."
=502  \\$bPh. D.$cUniversity of Alberta$d1970.
=504  \\$aIncludes bibliographical references (pages 212-224).
=650  \0$aMedicago.
=650  \0$aChromosomes$xAnalysis.
=710  2\$aUniversity of Alberta.$bDepartment of Genetics.
=900  \\$aNK06708
=949  \\$zUAIN$zETHESIS

