=LDR  01362ntm a2200349Ii 4500
=001  uab09276036
=003  UAB
=005  20141007134023.0
=006  m|||||o||d||||||||
=007  cr||||||||||||
=008  141007t19721972xx\b\\\\obm\\\000\0\eng\d
=040  \\$aUAB$beng$erda$cUAB
=050  \4$aHF5429.6.C22$bA336 1972
=090  \\$aInternet Access$bAEU
=100  1\$aCook, Norman Alan,$eauthor.
=245  10$aPerceptual variations of retailing in Edmonton /$cby Norman Alan Cook.
=264  \1$c[1972]
=264  \4$c©1972
=300  \\$a1 online resource (xxxiii, 278 pages) :$bmaps
=336  \\$atext$btxt$2rdacontent
=337  \\$acomputer$bc$2rdamedia
=338  \\$aonline resource$bcr$2rdacarrier
=500  \\$a"A thesis submitted to the Faculty of Graduate Studies and Research in partial fulfilment of the requirements for the degree of Doctor of Philosophy, Department of Geography."
=502  \\$bPh. D.$cUniversity of Alberta$d1972.
=504  \\$aIncludes bibliographical references (pages 223-243).
=650  \0$aRetail trade$zAlberta$zEdmonton.
=650  \0$aCentral business districts$zAlberta$zEdmonton.
=650  \0$aShopping centers$zAlberta$zEdmonton.
=650  \0$aIndustrial location$zAlberta$zEdmonton.
=650  \0$aCentral places$zAlberta$zEdmonton.
=710  2\$aUniversity of Alberta.$bDepartment of Geography.
=900  \\$aNK13334
=949  \\$zUAIN$zETHESIS

