=LDR  01234ntm a2200325Ii 4500
=001  uab09274597
=003  UAB
=005  20141001195834.0
=006  m|||||o||d||||||||
=007  cr||||||||||||
=008  141001t19691969xx\abd\\obm\\\000\0\eng\d
=040  \\$aUAB$beng$erda$cUAB
=043  \\$an-cn-ab
=050  \4$aHD1470.5.A3$bL87 1969
=090  \\$aInternet Access$bAEU
=100  1\$aLupton, Austin A.,$eauthor.
=245  13$aAn analysis of some factors affecting the areal variability of farm size in Alberta /$cby Austin A. Lupton.
=264  \1$c[1969]
=264  \4$c©1969
=300  \\$a1 online resource (x, 185 pages) :$billustrations, maps
=336  \\$atext$btxt$2rdacontent
=337  \\$acomputer$bc$2rdamedia
=338  \\$aonline resource$bcr$2rdacarrier
=500  \\$a"A thesis submitted to the Faculty of Graduate Studies and Research in partial fulfilment of the requirements for the degree of Doctor of Philosophy, Department of Geography."
=502  \\$bPh. D.$cUniversity of Alberta$d1969.
=504  \\$aIncludes bibliographical references (pages [160]-162).
=650  \0$aFarms, Size of$zAlberta.
=650  \0$aFarms$zAlberta.
=710  2\$aUniversity of Alberta.$bDepartment of Geography.
=900  \\$aNK04952
=949  \\$zUAIN$zETHESIS

