=LDR  01372ntm a2200349Ii 4500
=001  uab09277192
=003  UAB
=005  20141004091536.0
=006  m|||||o||d||||||||
=007  cr||||||||||||
=008  141004t19721972xx\ad\\\obm\\\000\0\eng\d
=040  \\$aUAB$beng$erda$cUAB
=043  \\$an-cn-ab
=050  \4$aTN870.5$b.D53 1972
=090  \\$aInternet Access$bAEU
=100  1\$aDickie, Geoffrey James,$eauthor.
=245  12$aA quantitative geologic analysis of Cretaceous and Jurassic oil and gas pools in Alberta /$cby Geoffrey James Dickie.
=264  \1$c[1972]
=264  \4$c©1972
=300  \\$a1 online resource (xii, 136, xiii-xv pages) :$billustrations, maps
=336  \\$atext$btxt$2rdacontent
=337  \\$acomputer$bc$2rdamedia
=338  \\$aonline resource$bcr$2rdacarrier
=500  \\$a"A thesis submitted to the Faculty of Graduate Studies and Research in partial fulfilment of the requirements for the degree of Doctor of Philosophy, Department of Geology."
=502  \\$bPh. D.$cUniversity of Alberta$d1972.
=504  \\$aIncludes bibliographical references (pages 132-136).
=650  \0$aPetroleum$xGeology$zAlberta.
=650  \0$aNatural gas$xGeology$zAlberta.
=650  \0$aGeology, Stratigraphic$yJurassic.
=650  \0$aGeology, Stratigraphic$yCretaceous.
=710  2\$aUniversity of Alberta.$bDepartment of Geology.
=900  \\$aNK11129
=949  \\$zUAIN$zETHESIS

