=LDR  01220ntm a2200313Ii 4500
=001  uab09277274
=003  UAB
=005  20141010100340.0
=006  m|||||o||d||||||||
=007  cr||||||||||||
=008  141010t19731973xx\abd\\obm\\\000\0\eng\d
=040  \\$aUAB$beng$erda$cUAB
=043  \\$an-cn-ab
=050  \4$aPF5939$b.N43 1973
=090  \\$aInternet Access$bAEU
=100  1\$aNecker-Eberhardt, Elvire,$eauthor.
=245  14$aThe Bessarabian German dialect in Medicine Hat, Alberta /$cby Elvire Eberhardt.
=264  \1$c[1973]
=264  \4$c©1973
=300  \\$a1 online resource (xii, 209 pages) :$billustrations, maps
=336  \\$atext$btxt$2rdacontent
=337  \\$acomputer$bc$2rdamedia
=338  \\$aonline resource$bcr$2rdacarrier
=500  \\$a"A thesis submitted to the Faculty of Graduate Studies and Research in partial fulfilment of the requirements for the degree of Doctor of Philosophy, Department of Germanic Languages."
=502  \\$bPh. D.$cUniversity of Alberta$d1973.
=504  \\$aIncludes bibliographical references (pages 178-186).
=650  \0$aGerman language$xDialects$zAlberta$zMedicine Hat.
=710  2\$aUniversity of Alberta.$bDepartment of Germanic Languages.
=900  \\$aNK17501
=949  \\$zUAIN$zETHESIS

