=LDR  01110ntm a2200289Ii 4500
=001  uab09275187
=003  UAB
=005  20141003105515.0
=006  m|||||o||d||||||||
=007  cr||||||||||||
=008  141003t19711971xx\bfj\\o\m\\\000\0beng\d
=040  \\$aUAB$beng$erda$cUAB
=050  \4$aF1060.9.D26$bK64 1971
=090  \\$aInternet Access$bAEU
=100  1\$aKoester, Charles Beverley,$eauthor.
=245  10$aNicholas Flood Davin :$ba biography /$cby Charles Beverley Koester.
=264  \1$c[1971]
=264  \4$c©1971
=300  \\$a1 online resource (xii, 390 pages, 3 leaves of plates) :$bgenealogical tables, maps 
=336  \\$atext$btxt$2rdacontent
=337  \\$acomputer$bc$2rdamedia
=338  \\$aonline resource$bcr$2rdacarrier
=500  \\$a"A thesis submitted to the Faculty of Graduate Studies and Research in partial fulfilment of the requirements for the degree of Doctor of Philosophy, Department of History."
=502  \\$bPh. D.$cUniversity of Alberta$d1971.
=600  10$aDavin, Nicholas Flood,$d1843-1901.
=710  2\$aUniversity of Alberta.$bDepartment of History.
=900  \\$aNK09606
=949  \\$zUAIN$zETHESIS

