=LDR  01296ntm a2200325Ii 4500
=001  uab09275792
=003  UAB
=005  20141006171718.0
=006  m|||||o||d||||||||
=007  cr||||||||||||
=008  141006t19711971xx\cij\\obm\\\000\0deng\d
=040  \\$aUAB$beng$erda$cUAB
=043  \\$ae-uk---
=050  \4$aDA396.W63$bS55 1971
=090  \\$aInternet Access$bAEU
=100  1\$aSkidmore, Patricia G.,$eauthor.
=245  14$aThe political career of Sir Francis Windebank, Secretary of State, 1632-1640 /$cby Patricia G. Skidmore.
=264  \1$c[1971]
=264  \4$c©1971
=300  \\$a1 online resource (viii, 310 pages) :$bcoat of arms, genealogical table, portrait
=336  \\$atext$btxt$2rdacontent
=337  \\$acomputer$bc$2rdamedia
=338  \\$aonline resource$bcr$2rdacarrier
=500  \\$a"A thesis submitted to the Faculty of Graduate Studies and Research in partial fulfilment of the requirements for the degree of Doctor of Philosophy, Department of History."
=502  \\$bPh. D.$cUniversity of Alberta$d1971.
=504  \\$aIncludes bibliographical references (pages 285-296).
=600  10$aWindebank, Francis,$cSir,$d1582-1646.
=651  \0$aGreat Britain$xHistory$yCharles I, 1625-1649.
=710  2\$aUniversity of Alberta.$bDepartment of History.
=900  \\$aNK08123
=949  \\$zUAIN$zETHESIS

