=LDR  01184ntm a2200313Ii 4500
=001  uab09275013
=003  UAB
=005  20141002183838.0
=006  m|||||o||d||||||||
=007  cr||||||||||||
=008  141002t19701970xx\a\\\\obm\\\000\0\eng\d
=040  \\$aUAB$beng$erda$cUAB
=050  \4$aPE1361$b.C43 1970
=090  \\$aInternet Access$bAEU
=100  1\$aChambers, J. K.,$eauthor.
=245  10$aFocused noun phrases in English syntax /$cby John Kenneth Chambers.
=264  \1$c[1970]
=264  \4$c©1970
=300  \\$a1 online resource (x, 252 pages) :$billustrations
=336  \\$atext$btxt$2rdacontent
=337  \\$acomputer$bc$2rdamedia
=338  \\$aonline resource$bcr$2rdacarrier
=500  \\$a"A thesis submitted to the Faculty of Graduate Studies and Research in partial fulfilment of the requirements for the degree of Doctor of Philosophy, Department of Linguistics."
=502  \\$bPh. D.$cUniversity of Alberta$d1970.
=504  \\$aIncludes bibliographical references (pages 241-252).
=650  \0$aEnglish language$xSyntax.
=650  \0$aEnglish language$xGrammar, Generative.
=710  2\$aUniversity of Alberta.$bDepartment of Linguistics.
=900  \\$aNK06694
=949  \\$zUAIN$zETHESIS

