=LDR  01163ntm a2200313Ii 4500
=001  uab09274556
=003  UAB
=005  20141001173555.0
=006  m|||||o||d||||||||
=007  cr||||||||||||
=008  141001t19691969xx\\\\\\obm\\\000\0\eng\d
=040  \\$aUAB$beng$erda$cUAB
=050  \4$aQA331.5$b.L44 1969
=090  \\$aInternet Access$bAEU
=100  1\$aLeeming, David John,$eauthor.
=245  12$aA generalization of completely convex functions and related problems /$cby David John Leeming.
=264  \1$c[1969]
=264  \4$c©1969
=300  \\$a1 online resource (iv, 88 pages)
=336  \\$atext$btxt$2rdacontent
=337  \\$acomputer$bc$2rdamedia
=338  \\$aonline resource$bcr$2rdacarrier
=500  \\$a"A thesis submitted to the Faculty of Graduate Studies and Research in partial fulfilment of the requirements for the degree of Doctor of Philosophy, Department of Mathematics."
=502  \\$bPh. D.$cUniversity of Alberta$d1969.
=504  \\$aIncludes bibliographical references (pages 86-88).
=650  \0$aConvex functions.
=650  \0$aPolynomials.
=710  2\$aUniversity of Alberta.$bDepartment of Mathematics.
=900  \\$aNK04948
=949  \\$zUAIN$zETHESIS

