=LDR  01140ntm a2200301Ii 4500
=001  uab09276731
=003  UAB
=005  20141004091536.0
=006  m|||||o||d||||||||
=007  cr||||||||||||
=008  141004t19721972xx\\\\\\obm\\\000\0\eng\d
=040  \\$aUAB$beng$erda$cUAB
=050  \4$aQA404.5$b.A45 1972
=090  \\$aInternet Access$bAEU
=100  1\$aAllaway, William Roy,$eauthor.
=245  14$aThe identification of a class of orthogonal polynomial sets /$cby William Roy Allaway.
=264  \1$c[1972]
=264  \4$c©1972
=300  \\$a1 online resource (viii, 143 pages)
=336  \\$atext$btxt$2rdacontent
=337  \\$acomputer$bc$2rdamedia
=338  \\$aonline resource$bcr$2rdacarrier
=500  \\$a"A thesis submitted to the Faculty of Graduate Studies and Research in partial fulfilment of the requirements for the degree of Doctor of Philosophy, Department of Mathematics."
=502  \\$bPh. D.$cUniversity of Alberta$d1972.
=504  \\$aIncludes bibliographical references (pages [128]-130).
=650  \0$aOrthogonal polynomials.
=710  2\$aUniversity of Alberta.$bDepartment of Mathematics.
=900  \\$aNK11109
=949  \\$zUAIN$zETHESIS

