=LDR  01168ntm a2200313Ii 4500
=001  uab09277405
=003  UAB
=005  20141010145417.0
=006  m|||||o||d||||||||
=007  cr||||||||||||
=008  141010t19751975xx\\\\\\obm\\\000\0\eng\d
=040  \\$aUAB$beng$erda$cUAB
=050  \4$aQA404.5$b.B68 1975
=090  \\$aInternet Access$bAEU
=100  1\$aBotto, Mario Angelo,$eauthor.
=245  10$aAveraging hermite interpolators and their convergence properties /$cby Mario Angelo Botto.
=264  \1$c[1975]
=264  \4$c©1975
=300  \\$a1 online resource (viii, [76] pages)
=336  \\$atext$btxt$2rdacontent
=337  \\$acomputer$bc$2rdamedia
=338  \\$aonline resource$bcr$2rdacarrier
=500  \\$a"A thesis submitted to the Faculty of Graduate Studies and Research in partial fulfilment of the requirements for the degree of Doctor of Philosophy, Department of Mathematics."
=502  \\$bPh. D.$cUniversity of Alberta$d1975.
=504  \\$aIncludes bibliographical references (pages 74-[76]).
=650  \0$aHermite polynomials.
=650  \0$aConvergence.
=710  2\$aUniversity of Alberta.$bDepartment of Mathematics.
=900  \\$aNK23991
=949  \\$zUAIN$zETHESIS

