=LDR  01136ntm a2200313Ii 4500
=001  uab09277305
=003  UAB
=005  20141010110958.0
=006  m|||||o||d||||||||
=007  cr||||||||||||
=008  141010t19741974xx\\\\\\obm\\\000\0\eng\d
=040  \\$aUAB$beng$erda$cUAB
=050  \4$aQA224$b.L44 1974
=090  \\$aInternet Access$bAEU
=100  1\$aLee, Seng-Luan,$eauthor.
=245  10$aCardinal lacunary spline interpolation /$cby Seng-Luan Lee.
=264  \1$c[1974]
=264  \4$c©1974
=300  \\$a1 online resource (vii, 61 pages)
=336  \\$atext$btxt$2rdacontent
=337  \\$acomputer$bc$2rdamedia
=338  \\$aonline resource$bcr$2rdacarrier
=500  \\$a"A thesis submitted to the Faculty of Graduate Studies and Research in partial fulfilment of the requirements for the degree of Doctor of Philosophy in Mathematics, Department of Mathematics."
=502  \\$bPh. D.$cUniversity of Alberta$d1974.
=504  \\$aIncludes bibliographical references (pages 56-57).
=650  \0$aSpline theory.
=650  \0$aInterpolation.
=710  2\$aUniversity of Alberta.$bDepartment of Mathematics.
=900  \\$aNK21877
=949  \\$zUAIN$zETHESIS

