=LDR  01273ntm a2200313Ii 4500
=001  uab09275040
=003  UAB
=005  20141002193136.0
=006  m|||||o||d||||||||
=007  cr||||||||||||
=008  141002t19701970xx\ad\\\obm\\\000\0\eng\d
=040  \\$aUAB$beng$erda$cUAB
=050  \4$aTA418.32$b.W35 1970
=090  \\$aInternet Access$bAEU
=100  1\$aWalkinshaw, Douglas S.,$eauthor.
=245  10$aLinear forced response of thin elastic plates and shallow spherical shells with regular polygonal boundaries /$cby Douglas S. Walkinshaw.
=264  \1$c[1970]
=264  \4$c©1970
=300  \\$a1 online resource (xxxii, 391 pages) :$billustrations
=336  \\$atext$btxt$2rdacontent
=337  \\$acomputer$bc$2rdamedia
=338  \\$aonline resource$bcr$2rdacarrier
=500  \\$a"A thesis submitted to the Faculty of Graduate Studies and Research in partial fulfilment of the requirements for the degree of Doctor of Philosophy, Department of Mechanical Engineering."
=502  \\$bPh. D.$cUniversity of Alberta$d1970.
=504  \\$aIncludes bibliographical references (pages 310-327).
=650  \0$aMaterials$xDynamic testing.
=650  \0$aPlates (Engineering)
=710  2\$aUniversity of Alberta.$bDepartment of Mechanical Engineering.
=900  \\$aNK06246
=949  \\$zUAIN$zETHESIS

