=LDR  01192ntm a2200313Ii 4500
=001  uab09275309
=003  UAB
=005  20141003154536.0
=006  m|||||o||d||||||||
=007  cr||||||||||||
=008  141003t19701970xx\ad\\\obm\\\000\0\eng\d
=040  \\$aUAB$beng$erda$cUAB
=050  \4$aTA418.2$b.G87 1970
=090  \\$aInternet Access$bAEU
=100  1\$aGupta, Roop Narayan,$eauthor.
=245  10$aStrong viscous interactions in unsteady high speed flows /$cby Roop Narayan Gupta.
=264  \1$c[1970]
=264  \4$c©1970
=300  \\$a1 online resource (xv, 127 pages) :$billustrations
=336  \\$atext$btxt$2rdacontent
=337  \\$acomputer$bc$2rdamedia
=338  \\$aonline resource$bcr$2rdacarrier
=500  \\$a"A thesis submitted to the Faculty of Graduate Studies and Research in partial fulfilment of the requirements for the degree of Doctor of Philosophy, Department of Mechanical Engineering."
=502  \\$bPh. D.$cUniversity of Alberta$d1970.
=504  \\$aIncludes bibliographical references (pages 73-79).
=650  \0$aViscous flow.
=650  \0$aShear (Mechanics)
=710  2\$aUniversity of Alberta.$bDepartment of Mechanical Engineering.
=900  \\$aNK06709
=949  \\$zUAIN$zETHESIS

