=LDR  01296ntm a2200337Ii 4500
=001  uab09276971
=003  UAB
=005  20141009141417.0
=006  m|||||o||d||||||||
=007  cr||||||||||||
=008  141009t19731973xx\ad\\\obm\\\000\0\eng\d
=040  \\$aUAB$beng$erda$cUAB
=050  \4$aQR82.P78$bT74 1973
=090  \\$aInternet Access$bAEU
=100  1\$aTseng, Jui-Teng,$eauthor.
=245  10$aMechanisms of streptomycin and tetracycline resistance in Pseudomonas aeruginosa /$cby Jui-Teng Tseng.
=264  \1$c[1973]
=264  \4$c©1973
=300  \\$a1 online resource (xiii, 112 pages) :$billustrations
=336  \\$atext$btxt$2rdacontent
=337  \\$acomputer$bc$2rdamedia
=338  \\$aonline resource$bcr$2rdacarrier
=500  \\$a"A thesis submitted to the Faculty of Graduate Studies and Research in partial fulfilment of the requirements for the degree of Doctor of Philosophy, Department of Microbiology."
=502  \\$bPh. D.$cUniversity of Alberta$d1973.
=504  \\$aIncludes bibliographical references (pages 104-112).
=590  \\$aLibrary copy imperfect: figures 7-9 scanned twice.
=650  \0$aPseudomonas aeruginosa.
=650  \0$aStreptomycin.
=650  \0$aTetracyclines.
=710  2\$aUniversity of Alberta.$bDepartment of Microbiology.
=900  \\$aNK15369
=949  \\$zUAIN$zETHESIS

