=LDR  01207ntm a2200313Ii 4500
=001  uab09276363
=003  UAB
=005  20141008113956.0
=006  m|||||o||d||||||||
=007  cr||||||||||||
=008  141008t19711971xx\adf\\obm\\\000\0\eng\d
=040  \\$aUAB$beng$erda$cUAB
=050  \4$aQR82.M5$bM55 1971
=090  \\$aInternet Access$bAEU
=100  1\$aMills, Cecily,$eauthor.
=245  10$aControl, production and characterization of extracellular enzymes of Micrococcus Sodonensis /$cby Cecily Mills.
=264  \1$c[1971]
=264  \4$c©1971
=300  \\$a1 online resource (xv, 140 pages, 43 leaves of plates) :$billustrations
=336  \\$atext$btxt$2rdacontent
=337  \\$acomputer$bc$2rdamedia
=338  \\$aonline resource$bcr$2rdacarrier
=500  \\$a"A thesis submitted to the Faculty of Graduate Studies and Research in partial fulfilment of the requirements for the degree of Doctor of Philosophy, Department of Microbiology."
=502  \\$bPh. D.$cUniversity of Alberta$d1971.
=504  \\$aIncludes bibliographical references (pages 127-140).
=650  \0$aMicrococcus.
=650  \0$aEnzymes.
=710  2\$aUniversity of Alberta.$bDepartment of Microbiology.
=900  \\$aNK09622
=949  \\$zUAIN$zETHESIS

