=LDR  01231ntm a2200325Ii 4500
=001  uab09275443
=003  UAB
=005  20141003233016.0
=006  m|||||o||d||||||||
=007  cr||||||||||||
=008  141003t19711971xx\ad\\\obm\\\000\0\eng\d
=040  \\$aUAB$beng$erda$cUAB
=050  \4$aTP248.G65$bJ64 1971
=090  \\$aInternet Access$bAEU
=100  1\$aJohnson, Wendy M.,$eauthor.
=245  10$aStudies on the pathway of glutamic acid fermentation by peptococcus aerogenes /$cby Wendy M. Johnson.
=264  \1$c[1971]
=264  \4$c©1971
=300  \\$a1 online resource (xvii, 160 pages) :$billustrations
=336  \\$atext$btxt$2rdacontent
=337  \\$acomputer$bc$2rdamedia
=338  \\$aonline resource$bcr$2rdacarrier
=500  \\$a"A thesis submitted to the Faculty of Graduate Studies and Research in partial fulfilment of the requirements for the degree of Doctor of Philosophy, Department of Microbiology."
=502  \\$bPh. D.$cUniversity of Alberta$d1971.
=504  \\$aIncludes bibliographical references (pages 150-160).
=650  \0$aGlutamic acid$xSynthesis.
=650  \0$aFermentation.
=650  \0$aPeptococcus.
=710  2\$aUniversity of Alberta.$bDepartment of Microbiology.
=900  \\$aNK08088
=949  \\$zUAIN$zETHESIS

