=LDR  01243ntm a2200325Ii 4500
=001  uab09275343
=003  UAB
=005  20141003061339.0
=006  m|||||o||d||||||||
=007  cr||||||||||||
=008  141003t19711971xx\ad\\\obm\\\000\0\eng\d
=040  \\$aUAB$beng$erda$cUAB
=050  \4$aRC632.P6$bC74 1971
=090  \\$aInternet Access$bAEU
=100  1\$aCreighton, Joseph M.,$eauthor.
=245  10$aDrug-induced porphyria and the hepatic drug-oxidizing system /$cby Joseph M. Creighton.
=264  \1$c[1971]
=264  \4$c©1971
=300  \\$a1 online resource (xii, 127 pages) :$billustrations
=336  \\$atext$btxt$2rdacontent
=337  \\$acomputer$bc$2rdamedia
=338  \\$aonline resource$bcr$2rdacarrier
=500  \\$a"A thesis submitted to the Faculty of Graduate Studies and Research in partial fulfilment of the requirements for the degree of Doctor of Philosophy, Department of Pharmacology."
=502  \\$bPh. D.$cUniversity of Alberta$d1971.
=504  \\$aIncludes bibliographical references (pages 119-127).
=650  \0$aPorphyria.
=650  \0$aLiver$xDiseases$xAnimal models.
=650  \0$aPorphyrin and porphyrin compounds.
=710  2\$aUniversity of Alberta.$bDepartment of Pharmacology.
=900  \\$aNK09586
=949  \\$zUAIN$zETHESIS

