=LDR  01198ntm a2200325Ii 4500
=001  uab09276745
=003  UAB
=005  20141009074154.0
=006  m|||||o||d||||||||
=007  cr||||||||||||
=008  141009t19711971xx\\\\\\obm\\\000\0\eng\d
=040  \\$aUAB$beng$erda$cUAB
=050  \4$aQD431$b.O86 1971
=090  \\$aInternet Access$bAEU
=100  1\$aOsman, Fikry Hassan,$eauthor.
=245  10$a[Alpha]-aminoisobutyric acid uptake by rabbit detrusor muscle /$cby Fikry Hassan Osman.
=264  \1$c[1971]
=264  \4$c©1971
=300  \\$a1 online resource (191 pages)
=336  \\$atext$btxt$2rdacontent
=337  \\$acomputer$bc$2rdamedia
=338  \\$aonline resource$bcr$2rdacarrier
=500  \\$a"A thesis submitted to the Faculty of Graduate Studies in partial fulfilment of the requirements for the degree of Doctor of Philosophy, Department of Pharmacology."
=502  \\$bPh. D.$cUniversity of Alberta$d1971.
=504  \\$aIncludes bibliographical references (pages 173-191).
=650  \0$aAminobutyric acid.
=650  \0$aRabbits$xPhysiology.
=650  \0$aRabbits as laboratory animals.
=710  2\$aUniversity of Alberta.$bDepartment of Pharmacology.
=900  \\$aNK09629
=949  \\$zUAIN$zETHESIS

