=LDR  01182ntm a2200325Ii 4500
=001  uab09275063
=003  UAB
=005  20141002205910.0
=006  m|||||o||d||||||||
=007  cr||||||||||||
=008  141002t19701970xx\ad\\\obm\\\000\0\eng\d
=040  \\$aUAB$beng$erda$cUAB
=050  \4$aQP671.P6$bR33 1970
=090  \\$aInternet Access$bAEU
=100  1\$aRacz, William John,$eauthor.
=245  10$aDrug-induced porphyrin biosynthesis /$cby William John Racz.
=264  \1$c[1970]
=264  \4$c©1970
=300  \\$a1 online resource (xiii, 145 pages) :$billustrations
=336  \\$atext$btxt$2rdacontent
=337  \\$acomputer$bc$2rdamedia
=338  \\$aonline resource$bcr$2rdacarrier
=500  \\$a"A thesis submitted to the Faculty of Graduate Studies and Research in partial fulfilment of the requirements for the degree of Doctor of Philosophy, Department of Pharmacology."
=502  \\$bPh. D.$cUniversity of Alberta$d1970.
=504  \\$aIncludes bibliographical references (pages 140-145).
=650  \0$aPorphyrins.
=650  \0$aBiosynthesis.
=650  \0$aChickens$xEmbryos.
=710  2\$aUniversity of Alberta.$bDepartment of Pharmacology.
=900  \\$aNK06236
=949  \\$zUAIN$zETHESIS

