=LDR  01138ntm a2200313Ii 4500
=001  uab09277659
=003  UAB
=005  20141013093846.0
=006  m|||||o||d||||||||
=007  cr||||||||||||
=008  141013t19741974xx\\\\\\obm\\\000\0deng\d
=040  \\$aUAB$beng$erda$cUAB
=050  \4$aB491.I35$bS63 1974
=090  \\$aInternet Access$bAEU
=100  1\$aSpangler, G. A.,$eauthor.
=245  10$aAristotle on change :$bthe importance of being something /$cby G.A. Spangler.
=264  \1$c[1974]
=264  \4$c©1974
=300  \\$a1 online resource (ix, 155 pages)
=336  \\$atext$btxt$2rdacontent
=337  \\$acomputer$bc$2rdamedia
=338  \\$aonline resource$bcr$2rdacarrier
=500  \\$a"A thesis submitted to the Faculty of Graduate Studies and Research in partial fulfilment of the requirements for the degree of Doctor of Philosophy, Department of Philosophy."
=502  \\$bPh. D.$cUniversity of Alberta$d1974.
=504  \\$aIncludes bibliographical references (pages 152-155).
=600  00$aAristotle.
=650  \0$aIndividuality.
=710  2\$aUniversity of Alberta.$bDepartment of Philosophy.
=900  \\$aNK21978
=949  \\$zUAIN$zETHESIS

