=LDR  01245ntm a2200349Ii 4500
=001  uab09277640
=003  UAB
=005  20141013062259.0
=006  m|||||o||d||||||||
=007  cr||||||||||||
=008  141013t19751975xx\\\\\\obm\\\000\0\eng\d
=040  \\$aUAB$beng$erda$cUAB
=050  \4$aBF443$b.P87 1975
=090  \\$aInternet Access$bAEU
=100  1\$aPurton, Arthur Campbell,$eauthor.
=245  14$aThe nature of concepts /$cby Arthur Campbell Purton.
=264  \1$c[1975]
=264  \4$c©1975
=300  \\$a1 online resource (vii, 204 pages)
=336  \\$atext$btxt$2rdacontent
=337  \\$acomputer$bc$2rdamedia
=338  \\$aonline resource$bcr$2rdacarrier
=500  \\$a"A thesis submitted to the Faculty of Graduate Studies and Research in partial fulfilment of the requirements for the degree of Doctor of Philosophy, Department of Philosophy."
=502  \\$bPh. D.$cUniversity of Alberta$d1975.
=504  \\$aIncludes bibliographical references (pages 199-204).
=650  \0$aConcepts.
=650  \0$aCategorization (Psychology)
=650  \0$aHuman information processing.
=650  \0$aMental representation.
=650  \0$aPerception.
=710  2\$aUniversity of Alberta.$bDepartment of Philosophy.
=900  \\$aNK26893
=949  \\$zUAIN$zETHESIS

