=LDR  01293ntm a2200313Ii 4500
=001  uab09277017
=003  UAB
=005  20141009150415.0
=006  m|||||o||d||||||||
=007  cr||||||||||||
=008  141009t19741974xx\\\\\\obm\\\000\0beng\d
=040  \\$aUAB$beng$erda$cUAB
=050  \4$aB3279.J34$bK37 1974
=090  \\$aInternet Access$bAEU
=100  1\$aKashiyama, Abraham Sozo,$eauthor.
=245  10$aHistoricity in Karl Jaspers' thinking :$bits practical structure present in a correlation between his thinking and historic consciousness /$cby Abraham Sozo Kashiyama.
=264  \1$c[1974]
=264  \4$c©1974
=300  \\$a1 online resource (ix, 348 pages)
=336  \\$atext$btxt$2rdacontent
=337  \\$acomputer$bc$2rdamedia
=338  \\$aonline resource$bcr$2rdacarrier
=500  \\$a"A thesis submitted to the Faculty of Graduate Studies and Research in partial fulfilment of the requirements for the degree of Doctor of Philosophy, Department of Philosophy."
=502  \\$bPh. D.$cUniversity of Alberta$d1974.
=504  \\$aIncludes bibliographical references (pages 329-346).
=600  10$aJaspers, Karl,$d1883-1969$xCriticism and interpretation.
=650  \0$aPhilosophers$vBiography.
=710  2\$aUniversity of Alberta.$bDepartment of Philosophy.
=900  \\$aNK21040
=949  \\$zUAIN$zETHESIS

