=LDR  01144ntm a2200301Ii 4500
=001  uab09277627
=003  UAB
=005  20141013062259.0
=006  m|||||o||d||||||||
=007  cr||||||||||||
=008  141013t19751975xx\\\\\\obm\\\000\0deng\d
=040  \\$aUAB$beng$erda$cUAB
=050  \4$aB378$b.M59 1975
=090  \\$aInternet Access$bAEU
=100  1\$aMix, Louis J. C.,$eauthor.
=245  12$aA commentary on the second part of Plato's Parmenides /$cby Louis J.C. Mix.
=264  \1$c[1975]
=264  \4$c©1975
=300  \\$a1 online resource (viii, 326 pages)
=336  \\$atext$btxt$2rdacontent
=337  \\$acomputer$bc$2rdamedia
=338  \\$aonline resource$bcr$2rdacarrier
=500  \\$a"A thesis submitted to the Faculty of Graduate Studies and Research in partial fulfilment of the requirements for the degree of Doctor of Philosophy, Department of Philosophy."
=502  \\$bPh. D.$cUniversity of Alberta$d1975.
=504  \\$aIncludes bibliographical references (pages 325-326).
=600  00$aPlato.$tParmenides$xCriticism and interpretation.
=710  2\$aUniversity of Alberta.$bDepartment of Philosophy.
=900  \\$aNK26852
=949  \\$zUAIN$zETHESIS

