=LDR  01182ntm a2200313Ii 4500
=001  uab09274703
=003  UAB
=005  20141002110645.0
=006  m|||||o||d||||||||
=007  cr||||||||||||
=008  141002t19691969xx\ad\\\obm\\\000\0\eng\d
=040  \\$aUAB$beng$erda$cUAB
=050  \4$aRS431.A64$bE58 1969
=090  \\$aInternet Access$bAEU
=100  1\$aEnterman, Willem,$eauthor.
=245  10$aStructural studies on peliomycin /$cby Willem Enterman.
=264  \1$c[1969]
=264  \4$c©1969
=300  \\$a1 online resource (xx, 217 pages) :$billustrations
=336  \\$atext$btxt$2rdacontent
=337  \\$acomputer$bc$2rdamedia
=338  \\$aonline resource$bcr$2rdacarrier
=500  \\$a"A thesis submitted to the Faculty of Graduate Studies and Research in partial fulfilment of the requirements for the degree of Doctor of Philosophy, Department of Philosophy."
=502  \\$bPh. D.$cUniversity of Alberta$d1969.
=504  \\$aIncludes bibliographical references (pages 206-217).
=650  \0$aAntineoplastic agents$xStructure.
=650  \0$aAntineoplastic antibiotics$xStructure.
=710  2\$aUniversity of Alberta.$bDepartment of Philosophy.
=900  \\$aNK03839
=949  \\$zUAIN$zETHESIS

