=LDR  01222ntm a2200313Ii 4500
=001  uab09277367
=003  UAB
=005  20141010135043.0
=006  m|||||o||d||||||||
=007  cr||||||||||||
=008  141010t19751975xx\\\\\\obm\\\000\0\eng\d
=040  \\$aUAB$beng$erda$cUAB
=050  \4$aGV1069$b.G88 1975
=090  \\$aInternet Access$bAEU
=100  1\$aGutoski, Frederick Peter,$eauthor.
=245  10$aEffects of forced treadmill sprint training on selected physiological parameters /$cby Frederick Peter Gutoski.
=264  \1$c[1975]
=264  \4$c©1975
=300  \\$a1 online resource (x, 149 pages)
=336  \\$atext$btxt$2rdacontent
=337  \\$acomputer$bc$2rdamedia
=338  \\$aonline resource$bcr$2rdacarrier
=500  \\$a"A thesis submitted to the Faculty of Graduate Studies and Research in partial fulfilment of the requirements for the degree of Doctor of Philosophy, Department of Physical Education."
=502  \\$bPh. D.$cUniversity of Alberta$d1975.
=504  \\$aIncludes bibliographical references (pages 103-116).
=650  \0$aSprinting$xTraining.
=650  \0$aRunning$xPhysiological aspects.
=710  2\$aUniversity of Alberta.$bDepartment of Physical Education.
=900  \\$aNK24042
=949  \\$zUAIN$zETHESIS

