=LDR  01361ntm a2200337Ii 4500
=001  uab09277364
=003  UAB
=005  20141010134505.0
=006  m|||||o||d||||||||
=007  cr||||||||||||
=008  141010t19741974xx\ad\\\obm\\\000\0\eng\d
=040  \\$aUAB$beng$erda$cUAB
=043  \\$an-cn---
=050  \4$aGV365.5.C2$bM35 1974
=090  \\$aInternet Access$bAEU
=100  1\$aMaloney, T. Lawrence,$eauthor.
=245  10$aJob satisfaction among physical educators at English-speaking Canadian universities /$cby T. Lawrence Maloney.
=264  \1$c[1974]
=264  \4$c©1974
=300  \\$a1 online resource (xv, 174 pages) :$billustrations
=336  \\$atext$btxt$2rdacontent
=337  \\$acomputer$bc$2rdamedia
=338  \\$aonline resource$bcr$2rdacarrier
=500  \\$a"A thesis submitted to the Faculty of Graduate Studies and Research in partial fulfilment of the requirements for the degree of Doctor of Philosophy, Department of Physical Education."
=502  \\$bPh. D.$cUniversity of Alberta$d1974.
=504  \\$aIncludes bibliographical references (pages 141-149).
=590  \\$aLibrary copy imperfect: pages 44-45, 51-52, 106 missing.
=650  \0$aPhysical education and training$xStudy and teaching$zCanada.
=650  \0$aJob satisfaction.
=710  2\$aUniversity of Alberta.$bDepartment of Physical Education.
=900  \\$aNK21905
=949  \\$zUAIN$zETHESIS

