=LDR  01272ntm a2200325Ii 4500
=001  uab09277641
=003  UAB
=005  20141013062259.0
=006  m|||||o||d||||||||
=007  cr||||||||||||
=008  141013t19751975xx\\\\\\obm\\\000\0\eng\d
=040  \\$aUAB$beng$erda$cUAB
=050  \4$aQP702.G56$bR43 1975
=090  \\$aInternet Access$bAEU
=100  1\$aReardon, Frank D.,$eauthor.
=245  14$aThe effect of glucose supplement on glycogen storage, utilization, and performance capacity during high intensity work /$cby Frank D. Reardon.
=264  \1$c[1975]
=264  \4$c©1975
=300  \\$a1 online resource (x, 100 pages)
=336  \\$atext$btxt$2rdacontent
=337  \\$acomputer$bc$2rdamedia
=338  \\$aonline resource$bcr$2rdacarrier
=500  \\$a"A thesis submitted to the Faculty of Graduate Studies and Research in partial fulfilment of the requirements for the degree of Doctor of Philosophy, Department of Physical Education."
=502  \\$bPh. D.$cUniversity of Alberta$d1975.
=504  \\$aIncludes bibliographical references (pages 62-68).
=650  \0$aGlucose metabolism.
=650  \0$aGlucose$xExamination.
=650  \0$aGlycogen$xSynthesis.
=710  2\$aUniversity of Alberta.$bDepartment of Physical Education.
=900  \\$aNK26900
=949  \\$zUAIN$zETHESIS

