=LDR  01244ntm a2200325Ii 4500
=001  uab09277069
=003  UAB
=005  20141009161130.0
=006  m|||||o||d||||||||
=007  cr||||||||||||
=008  141009t19731973xx\a\\\\obm\\\000\0\eng\d
=040  \\$aUAB$beng$erda$cUAB
=050  \4$aQM540$b.A84 1973
=090  \\$aInternet Access$bAEU
=100  1\$aAshton, Thomas Edwin James,$eauthor.
=245  10$aAnalysis of the lower back with isometric, concentric, and eccentric training /$cby Thomas Edwin James Ashton.
=264  \1$c[1973]
=264  \4$c©1973
=300  \\$a1 online resource (xiv, 154 pages) :$billustrations
=336  \\$atext$btxt$2rdacontent
=337  \\$acomputer$bc$2rdamedia
=338  \\$aonline resource$bcr$2rdacarrier
=500  \\$a"A thesis submitted to the Faculty of Graduate Studies and Research in partial fulfilment of the requirements for the degree of Doctor of Philosophy, Department of Physical Education."
=502  \\$bPh. D.$cUniversity of Alberta$d1973.
=504  \\$aIncludes bibliographical references (pages 122-132).
=650  \0$aBack.
=650  \0$aBack exercises.
=650  \0$aPhysical fitness.
=710  2\$aUniversity of Alberta.$bDepartment of Physical Education.
=900  \\$aNK17436
=949  \\$zUAIN$zETHESIS

