=LDR  01226ntm a2200325Ii 4500
=001  uab09277288
=003  UAB
=005  20141009204927.0
=006  m|||||o||d||||||||
=007  cr||||||||||||
=008  141009t19751975xx\ad\\\obm\\\000\0\eng\d
=040  \\$aUAB$beng$erda$cUAB
=050  \4$aGV711$b.D36 1975
=090  \\$aInternet Access$bAEU
=100  1\$aDanielson, Richard R.,$eauthor.
=245  10$aLeadership in coaching :$bdescription and evaluation /$cby Richard Raymond Danielson.
=264  \1$c[1975]
=264  \4$c©1975
=300  \\$a1 online resource (xiii, 124 pages) :$billustrations
=336  \\$atext$btxt$2rdacontent
=337  \\$acomputer$bc$2rdamedia
=338  \\$aonline resource$bcr$2rdacarrier
=500  \\$a"A thesis submitted to the Faculty of Graduate Studies and Research in partial fulfilment of the requirements for the degree of Doctor of Philosophy, Department of Physical Education."
=502  \\$bPh. D.$cUniversity of Alberta$d1974.
=504  \\$aIncludes bibliographical references (pages 103-108).
=650  \0$aCoaching (Athletics)
=650  \0$aLeadership.
=650  \0$aHockey$xCoaching.
=710  2\$aUniversity of Alberta.$bDepartment of Physical Education.
=900  \\$aNK21797
=949  \\$zUAIN$zETHESIS

