=LDR  01248ntm a2200313Ii 4500
=001  uab09275179
=003  UAB
=005  20141003103548.0
=006  m|||||o||d||||||||
=007  cr||||||||||||
=008  141003t19711971xx\adf\\obm\\\000\0\eng\d
=040  \\$aUAB$beng$erda$cUAB
=050  \4$aQP321$b.J66 1971
=090  \\$aInternet Access$bAEU
=100  1\$aJones, J. Gerald.,$eauthor.
=245  14$aThe timing of muscular activity as reflected in motor potentials recorded from the human scalp /$cby J. Gerald Jones.
=264  \1$c[1971]
=264  \4$c©1971
=300  \\$a1 online resource (131 pages, 3 leaves of plates) :$billustrations
=336  \\$atext$btxt$2rdacontent
=337  \\$acomputer$bc$2rdamedia
=338  \\$aonline resource$bcr$2rdacarrier
=500  \\$a"A thesis submitted to the Faculty of Graduate Studies and Research in partial fulfilment of the requirements for the degree of Doctor of Philosophy, Department of Physical Education."
=502  \\$bPh. D.$cUniversity of Alberta$d1971.
=504  \\$aIncludes bibliographical references (pages [106]-111).
=650  \0$aMuscles$xPhysiology.
=650  \0$aElectroencephalography.
=710  2\$aUniversity of Alberta.$bDepartment of Physical Education.
=900  \\$aNK09604
=949  \\$zUAIN$zETHESIS

