=LDR  01244ntm a2200325Ii 4500
=001  uab09275253
=003  UAB
=005  20141003131858.0
=006  m|||||o||d||||||||
=007  cr||||||||||||
=008  141003t19701970xx\ad\\\obm\\\000\0\eng\d
=040  \\$aUAB$beng$erda$cUAB
=050  \4$aQP321$b.K56 1970
=090  \\$aInternet Access$bAEU
=100  1\$aKing, Peter Geoffrey,$eauthor.
=245  14$aThe effect of actively increased muscle temperature on grip strength /$cby Peter Geoffrey King.
=264  \1$c[1970]
=264  \4$c©1970
=300  \\$a1 online resource ([ix], 71 pages) :$billustrations
=336  \\$atext$btxt$2rdacontent
=337  \\$acomputer$bc$2rdamedia
=338  \\$aonline resource$bcr$2rdacarrier
=500  \\$a"A thesis submitted to the Faculty of Graduate Studies and Research in partial fulfilment of the requirements for the degree of Doctor of Philosophy, Department of Physical Education."
=502  \\$bPh. D.$cUniversity of Alberta$d1970.
=504  \\$aIncludes bibliographical references (pages 43-48).
=650  \0$aMuscle contraction.
=650  \0$aHeat$xPhysiological effect.
=650  \0$aGrip strength.
=710  2\$aUniversity of Alberta.$bDepartment of Physical Education.
=900  \\$aNK06726
=949  \\$zUAIN$zETHESIS

