=LDR  01443ntm a2200361Ii 4500
=001  uab09277225
=003  UAB
=005  20141009204927.0
=006  m|||||o||d||||||||
=007  cr||||||||||||
=008  141009t19741974xx\\\\\\obm\\\000\0\eng\d
=040  \\$aUAB$beng$erda$cUAB
=043  \\$an-cn---
=050  \4$aHD8039.M4$bC29 1974
=090  \\$aInternet Access$bAEU
=100  1\$aWanzel, Robert Stewart,$eauthor.
=245  10$aDetermination of attitudes of employees and management of Canadian corporations toward company sponsored physical activity facilities and programs /$cby Robert Stewart Wanzel.
=264  \1$c[1974]
=264  \4$c©1974
=300  \\$a1 online resource (xiv, 140 pages)
=336  \\$atext$btxt$2rdacontent
=337  \\$acomputer$bc$2rdamedia
=338  \\$aonline resource$bcr$2rdacarrier
=500  \\$a"A thesis submitted to the Faculty of Graduate Studies and Research in partial fulfilment of the requirements for the degree of Doctor of Philosophy, Department of Physical Education."
=502  \\$bPh. D.$cUniversity of Alberta$d1974.
=504  \\$aIncludes bibliographical references.
=650  \0$aWhite collar workers$zCanada.
=650  \0$aProfessional employees$zCanada.
=650  \0$aEmployees$xAttitudes.
=650  \0$aWork environment$xPsychological aspects.
=650  \0$aSports facilities$zCanada.
=710  2\$aUniversity of Alberta.$bDepartment of Physical Education.
=900  \\$aNK21133
=949  \\$zUAIN$zETHESIS

