=LDR  01170ntm a2200301Ii 4500
=001  uab09276777
=003  UAB
=005  20141009100734.0
=006  m|||||o||d||||||||
=007  cr||||||||||||
=008  141009t19711971xx\ad\\\obm\\\000\0\eng\d
=040  \\$aUAB$beng$erda$cUAB
=050  \4$aQC809.M25$bS26 1971
=090  \\$aInternet Access$bAEU
=100  1\$aSamson, John C.,$eauthor.
=245  10$aSpectral characteristics of Pc 4 and Pc 5 geomagnetic micropulsations /$cby John C. Samson.
=264  \1$c[1971]
=264  \4$c©1971
=300  \\$a1 online resource (xiii, 190, A1-A52 pages) :$billustrations
=336  \\$atext$btxt$2rdacontent
=337  \\$acomputer$bc$2rdamedia
=338  \\$aonline resource$bcr$2rdacarrier
=500  \\$a"A thesis submitted to the Faculty of Graduate Studies and Research in partial fulfilment of the requirements for the degree of Doctor of Philosophy, Department of Physics."
=502  \\$bPh. D.$cUniversity of Alberta$d1971.
=504  \\$aIncludes bibliographical references (pages 179-190).
=650  \0$aGeomagnetic micropulsations$xSpectra.
=710  2\$aUniversity of Alberta.$bDepartment of Physics.
=900  \\$aNK09640
=949  \\$zUAIN$zETHESIS

