=LDR  01166ntm a2200313Ii 4500
=001  uab09275111
=003  UAB
=005  20141003061339.0
=006  m|||||o||d||||||||
=007  cr||||||||||||
=008  141003t19711971xx\ad\\\obm\\\000\0\eng\d
=040  \\$aUAB$beng$erda$cUAB
=050  \4$aQC176.8.T8$bV73 1971
=090  \\$aInternet Access$bAEU
=100  1\$aVrba, Jiri,$eauthor.
=245  10$aTunneling into weakly-coupled films of aluminum and tin in proximity /$cby Jiri Vrba.
=264  \1$c[1971]
=264  \4$c©1971
=300  \\$a1 online resource (xiii, 133 pages) :$billustrations
=336  \\$atext$btxt$2rdacontent
=337  \\$acomputer$bc$2rdamedia
=338  \\$aonline resource$bcr$2rdacarrier
=500  \\$a"A thesis submitted to the Faculty of Graduate Studies and Research in partial fulfilment of the requirements for the degree of Doctor of Philosophy, Department of Physics."
=502  \\$bPh. D.$cUniversity of Alberta$d1971.
=504  \\$aIncludes bibliographical references (pages 129-133).
=650  \0$aTunneling (Physics)
=650  \0$aAluminum films.
=710  2\$aUniversity of Alberta.$bDepartment of Physics.
=900  \\$aNK08132
=949  \\$zUAIN$zETHESIS

