=LDR  01239ntm a2200325Ii 4500
=001  uab09277190
=003  UAB
=005  20141004091536.0
=006  m|||||o||d||||||||
=007  cr||||||||||||
=008  141004t19721972xx\ad\\\obm\\\000\0\eng\d
=040  \\$aUAB$beng$erda$cUAB
=050  \4$aQC793.3.S8$bC48 1972
=090  \\$aInternet Access$bAEU
=100  1\$aChung, Woon Hyuk,$eauthor.
=245  10$aNuclear structure studies in [superscript 53]Mn via the [superscript 53]Cr (p,n[gamma])[superscript 53]Mn reaction /$cby Woon Hyuk Chung.
=264  \1$c[1972]
=264  \4$c©1972
=300  \\$a1 online resource (157 pages) :$billustrations
=336  \\$atext$btxt$2rdacontent
=337  \\$acomputer$bc$2rdamedia
=338  \\$aonline resource$bcr$2rdacarrier
=500  \\$a"A thesis submitted to the Faculty of Graduate Studies and Research in partial fulfilment of the requirements for the degree of Doctor of Philosophy, Department of Physics."
=502  \\$bPh. D.$cUniversity of Alberta$d1972.
=504  \\$aIncludes bibliographical references (pages [158]-[166]).
=650  \0$aNuclear models.
=650  \0$aManganese.
=650  \0$aChromium.
=710  2\$aUniversity of Alberta.$bDepartment of Physics.
=900  \\$aNK11126
=949  \\$zUAIN$zETHESIS

