=LDR  01129ntm a2200313Ii 4500
=001  uab09277368
=003  UAB
=005  20141009204927.0
=006  m|||||o||d||||||||
=007  cr||||||||||||
=008  141009t19741974xx\ad\\\obm\\\000\0\eng\d
=040  \\$aUAB$beng$erda$cUAB
=050  \4$aQD603.O1$bH86 1974
=090  \\$aInternet Access$bAEU
=100  1\$aHunt, Robert N.,$eauthor.
=245  10$aOxygen isotope studies in sulphate /$cby Robert N. Hunt.
=264  \1$c[1974]
=264  \4$c©1974
=300  \\$a1 online resource (x, 221 pages) :$billustrations
=336  \\$atext$btxt$2rdacontent
=337  \\$acomputer$bc$2rdamedia
=338  \\$aonline resource$bcr$2rdacarrier
=500  \\$a"A thesis submitted to the Faculty of Graduate Studies and Research in partial fulfilment of the requirements for the degree of Doctor of Philosophy, Department of Physics."
=502  \\$bPh. D.$cUniversity of Alberta$d1974.
=504  \\$aIncludes bibliographical references (pages 165-172).
=650  \0$aOxygen$xIsotopes.
=650  \0$aSulphate.
=710  2\$aUniversity of Alberta.$bDepartment of Physics.
=900  \\$aNK21845
=949  \\$zUAIN$zETHESIS

