=LDR  01249ntm a2200337Ii 4500
=001  uab09277099
=003  UAB
=005  20141009165704.0
=006  m|||||o||d||||||||
=007  cr||||||||||||
=008  141009t19731973xx\ad\\\obm\\\000\0\eng\d
=040  \\$aUAB$beng$erda$cUAB
=050  \4$aQD941$b.B64 1973
=090  \\$aInternet Access$bAEU
=100  1\$aBoetzkes, Peter C.,$eauthor.
=245  12$aA spinner magnetometer for susceptibility anisotropy in rocks /$cby Peter C. Boetzkes.
=264  \1$c[1973]
=264  \4$c©1973
=300  \\$a1 online resource (xx, 416, A1-10 pages) :$billustrations
=336  \\$atext$btxt$2rdacontent
=337  \\$acomputer$bc$2rdamedia
=338  \\$aonline resource$bcr$2rdacarrier
=500  \\$a"A thesis submitted to the Faculty of Graduate Studies and Research in partial fulfilment of the requirements for the degree of Doctor of Philosophy, Department of Physics."
=502  \\$bPh. D.$cUniversity of Alberta$d1973.
=504  \\$aIncludes bibliographical references (pages 409-416).
=650  \0$aAnisotropy.
=650  \0$aMagnetometers.
=650  \0$aRocks$xMagnetic properties.
=650  \0$aPetrofabric analysis.
=710  2\$aUniversity of Alberta.$bDepartment of Physics.
=900  \\$aNK17459
=949  \\$zUAIN$zETHESIS

