=LDR  01194ntm a2200313Ii 4500
=001  uab09277020
=003  UAB
=005  20141009151409.0
=006  m|||||o||d||||||||
=007  cr||||||||||||
=008  141009t19731973xx\ad\\\obm\\\000\0\eng\d
=040  \\$aUAB$beng$erda$cUAB
=050  \4$aQC176.8.T8$bW38 1973
=090  \\$aInternet Access$bAEU
=100  1\$aWattamaniuk, Walter J.,$eauthor.
=245  10$aNonequilibrium effects in tunnel junctions /$cby Walter J. Wattamaniuk.
=264  \1$c[1973]
=264  \4$c©1973
=300  \\$a1 online resource (138 pages) :$billustrations
=336  \\$atext$btxt$2rdacontent
=337  \\$acomputer$bc$2rdamedia
=338  \\$aonline resource$bcr$2rdacarrier
=500  \\$a"A thesis submitted to the Faculty of Graduate Studies and Research in partial fulfilment of the requirements for the degree of Doctor of Philosophy in Theoretical Physics, Department of Physics."
=502  \\$bPh. D.$cUniversity of Alberta$d1973.
=504  \\$aIncludes bibliographical references (pages 136-138).
=650  \0$aTunneling (Physics)
=650  \0$aMetal-insulator transitions.
=710  2\$aUniversity of Alberta.$bDepartment of Physics.
=900  \\$aNK15374
=949  \\$zUAIN$zETHESIS

