=LDR  01155ntm a2200313Ii 4500
=001  uab09274649
=003  UAB
=005  20141002052348.0
=006  m|||||o||d||||||||
=007  cr||||||||||||
=008  141002t19691969xx\ad\\\obm\\\000\0\eng\d
=040  \\$aUAB$beng$erda$cUAB
=050  \4$aQC793.2$b.L48 1969
=090  \\$aInternet Access$bAEU
=100  1\$aLevers, Roy Geoffrey,$eauthor.
=245  10$aPCAC and [pi]-[pi] scattering /$cby Roy Geoffrey Levers.
=264  \1$c[1969]
=264  \4$c©1969
=300  \\$a1 online resource (1 volume (various pagings)) :$billustrations
=336  \\$atext$btxt$2rdacontent
=337  \\$acomputer$bc$2rdamedia
=338  \\$aonline resource$bcr$2rdacarrier
=500  \\$a"A thesis submitted to the Faculty of Graduate Studies and Research in partial fulfilment of the requirements for the degree of Doctor of Philosophy, Department of Physics."
=502  \\$bPh. D.$cUniversity of Alberta$d1969.
=504  \\$aIncludes bibliographical references (pages R.1-R.6).
=650  \0$aParticles (Nuclear physics)
=650  \0$aPions.
=710  2\$aUniversity of Alberta.$bDepartment of Physics.
=900  \\$aNK03857
=949  \\$zUAIN$zETHESIS

