=LDR  01265ntm a2200325Ii 4500
=001  uab09275169
=003  UAB
=005  20141003101308.0
=006  m|||||o||d||||||||
=007  cr||||||||||||
=008  141003t19701970xx\ad\\\obm\\\000\0\eng\d
=040  \\$aUAB$beng$erda$cUAB
=050  \4$aQC794.6.S3$bH86 1970
=090  \\$aInternet Access$bAEU
=100  1\$aHung, Eric Kam-Ling,$eauthor.
=245  10$aSingle channel N/D calculation of (i) [pi]N partial waves and (ii) effects of inelasticity on resonance /$cby Eric Kam-Ling Hung.
=264  \1$c[1970]
=264  \4$c©1970
=300  \\$a1 online resource (97 pages) :$billustrations
=336  \\$atext$btxt$2rdacontent
=337  \\$acomputer$bc$2rdamedia
=338  \\$aonline resource$bcr$2rdacarrier
=500  \\$a"A thesis submitted to the Faculty of Graduate Studies and Research in partial fulfilment of the requirements for the degree of Doctor of Philosophy, Department of Physics."
=502  \\$bPh. D.$cUniversity of Alberta$d1970.
=504  \\$aIncludes bibliographical references (page 97).
=590  \\$aLibrary copy imperfect: page 7 scanned twice.
=650  \0$aScattering (Physics)
=650  \0$aElasticity.
=710  2\$aUniversity of Alberta.$bDepartment of Physics.
=900  \\$aNK06716
=949  \\$zUAIN$zETHESIS

