=LDR  01187ntm a2200313Ii 4500
=001  uab09274605
=003  UAB
=005  20141001202338.0
=006  m|||||o||d||||||||
=007  cr||||||||||||
=008  141001t19691969xx\abd\\obm\\\000\0\eng\d
=040  \\$aUAB$beng$erda$cUAB
=050  \4$aTN269$b.P44 1969
=090  \\$aInternet Access$bAEU
=100  1\$aPeeples, Wayne Jacobson,$eauthor.
=245  10$aMagneto-telluric profiling over a deep structure /$cby Wayne Jacobson Peeples.
=264  \1$c[1969]
=264  \4$c©1969
=300  \\$a1 online resource (ix, 95, 1-7, II-2 pages) :$billustrations, maps
=336  \\$atext$btxt$2rdacontent
=337  \\$acomputer$bc$2rdamedia
=338  \\$aonline resource$bcr$2rdacarrier
=500  \\$a"A thesis submitted to the Faculty of Graduate Studies and Research in partial fulfilment of the requirements for the degree of Doctor of Philosophy, Department of Physics."
=502  \\$bPh. D.$cUniversity of Alberta$d1969.
=504  \\$aIncludes bibliographical references (pages 90-95).
=650  \0$aMagnetotelluric prospecting.
=650  \0$aGeomagnetism.
=710  2\$aUniversity of Alberta.$bDepartment of Physics.
=900  \\$aNK04967
=949  \\$zUAIN$zETHESIS

