=LDR  01554ntm a2200361Ii 4500
=001  uab09274796
=003  UAB
=005  20141002135217.0
=006  m|||||o||d||||||||
=007  cr||||||||||||
=008  141002t19691969xx\adf\\obm\\\000\0\eng\d
=040  \\$aUAB$beng$erda$cUAB
=050  \4$aQD181.P4$bH39 1969
=090  \\$aInternet Access$bAEU
=100  1\$aHaywood, Charles Thomas,$eauthor.
=245  10$aElectrical resistivity measurements in palladium and palladium/hydrogen alloys /$cby Charles Thomas Haywood.
=264  \1$c[1969]
=264  \4$c©1969
=300  \\$a1 online resource (x, 90 pages, [22] leaves of plates) :$billustrations
=336  \\$atext$btxt$2rdacontent
=337  \\$acomputer$bc$2rdamedia
=338  \\$aonline resource$bcr$2rdacarrier
=500  \\$a"A thesis submitted to the Faculty of Graduate Studies and Research in partial fulfilment of the requirements for the degree of Doctor of Philosophy, Department of Physics."
=500  \\$aAppendix III, Electrical resistivity measurements in palladium-hydrogen alloys / C.T. Haywood and L. Verdini, starting at p. 86.
=502  \\$bPh. D.$cUniversity of Alberta$d1969.
=504  \\$aIncludes bibliographical references (pages 87-90).
=590  \\$aLibrary copy imperfect: page ii scanned twice.
=650  \0$aPalladium$xElectric properties.
=650  \0$aPalladium alloys$xElectric properties.
=650  \0$aPalladium-hydrogen$xElectric properties.
=650  \0$aElectric resistance.
=710  2\$aUniversity of Alberta.$bDepartment of Physics.
=900  \\$aNK03846
=949  \\$zUAIN$zETHESIS

