=LDR  01196ntm a2200325Ii 4500
=001  uab09276525
=003  UAB
=005  20141004091536.0
=006  m|||||o||d||||||||
=007  cr||||||||||||
=008  141004t19711971xx\ad\\\obm\\\000\0\eng\d
=040  \\$aUAB$beng$erda$cUAB
=050  \4$aQC807.5$b.H65 1971
=090  \\$aInternet Access$bAEU
=100  1\$aHolden, Arun V.,$d1947-$eauthor.
=245  10$aLinear analysis of two insect mechanoreceptors /$cby Arun V. Holden.
=264  \1$c[1971]
=264  \4$c©1971
=300  \\$a1 online resource (101 pages) :$billustrations
=336  \\$atext$btxt$2rdacontent
=337  \\$acomputer$bc$2rdamedia
=338  \\$aonline resource$bcr$2rdacarrier
=500  \\$a"A thesis submitted to the Faculty of Graduate Studies and Research in partial fulfilment of the requirements for the degree of Doctor of Philosophy, Department of Physiology."
=502  \\$bPh. D.$cUniversity of Alberta$d1971.
=504  \\$aIncludes bibliographical references (pages 96-101).
=650  \0$aSpectrum analysis.
=650  \0$aFunctional analysis.
=650  \0$aMechanoreceptors.
=710  2\$aUniversity of Alberta.$bDepartment of Physiology.
=900  \\$aNK09907
=949  \\$zUAIN$zETHESIS

