=LDR  01249ntm a2200325Ii 4500
=001  uab09277438
=003  UAB
=005  20141010161022.0
=006  m|||||o||d||||||||
=007  cr||||||||||||
=008  141010t19741974xx\a\\\\obm\\\000\0\eng\d
=040  \\$aUAB$beng$erda$cUAB
=050  \4$aQH605$b.S56 1974
=090  \\$aInternet Access$bAEU
=100  1\$aSingal, Pawan K.,$eauthor.
=245  10$aUltrastructure and physiology of cytokinesis in an amphibian embryo (Xenopus laevis) /$cby Pawan K. Singal.
=264  \1$c[1974]
=264  \4$c©1974
=300  \\$a1 online resource (xii, 161 pages) :$billustrations
=336  \\$atext$btxt$2rdacontent
=337  \\$acomputer$bc$2rdamedia
=338  \\$aonline resource$bcr$2rdacarrier
=500  \\$a"A thesis submitted to the Faculty of Graduate Studies and Research in partial fulfilment of the requirements for the degree of Doctor of Philosophy, Department of Physiology."
=502  \\$bPh. D.$cUniversity of Alberta$d1974.
=504  \\$aIncludes bibliographical references (pages 142-158).
=590  \\$aLibrary copy imperfect: darkened throughout.
=650  \0$aCytokinesis.
=650  \0$aXenopus laevis.
=710  2\$aUniversity of Alberta.$bDepartment of Physiology.
=900  \\$aNK21970
=949  \\$zUAIN$zETHESIS

