=LDR  01262ntm a2200325Ii 4500
=001  uab09276546
=003  UAB
=005  20141004091536.0
=006  m|||||o||d||||||||
=007  cr||||||||||||
=008  141004t19711971xx\ad\\\obm\\\000\0\eng\d
=040  \\$aUAB$beng$erda$cUAB
=050  \4$aQP121$b.S53 1971
=090  \\$aInternet Access$bAEU
=100  1\$aShaikh, Hilal Ahmad,$eauthor.
=245  10$aChanges in some of the properties of muscle membrane produced by chronic denervation in rat diaphragm /$cby Hilal Ahmad Shaikh.
=264  \1$c[1971]
=264  \4$c©1971
=300  \\$a1 online resource (168 pages) :$billustrations
=336  \\$atext$btxt$2rdacontent
=337  \\$acomputer$bc$2rdamedia
=338  \\$aonline resource$bcr$2rdacarrier
=500  \\$a"A thesis submitted to the Faculty of Graduate Studies and Research in partial fulfilment of the requirements for the degree of Doctor of Philosophy, Department of Physiology."
=502  \\$bPh. D.$cUniversity of Alberta$d1971.
=504  \\$aIncludes bibliographical references (pages 150-168).
=650  \0$aDiaphragm.
=650  \0$aLungs$xPhysiology$xAnimal models.
=650  \0$aMuscles$xAnimal models.
=710  2\$aUniversity of Alberta.$bDepartment of Physiology.
=900  \\$aNK10849
=949  \\$zUAIN$zETHESIS

