=LDR  01263ntm a2200337Ii 4500
=001  uab09274852
=003  UAB
=005  20141002145026.0
=006  m|||||o||d||||||||
=007  cr||||||||||||
=008  141002t19691969xx\\\\\\obm\\\000\0\eng\d
=040  \\$aUAB$beng$erda$cUAB
=043  \\$aa-le---
=050  \4$aDS80.95$b.N37 1969
=090  \\$aInternet Access$bAEU
=100  1\$aNasr, George Farah,$eauthor.
=245  14$aThe policy of Lebanon in the web of inter-Arab Cold War politics 1951-60 /$cby George Farah Nasr.
=264  \1$c[1969]
=264  \4$c©1969
=300  \\$a1 online resource (ix, 445 pages)
=336  \\$atext$btxt$2rdacontent
=337  \\$acomputer$bc$2rdamedia
=338  \\$aonline resource$bcr$2rdacarrier
=500  \\$a"A thesis submitted to the Faculty of Graduate Studies and Research in partial fulfilment of the requirements for the degree of Doctor of Philosophy, Department of Political Science."
=502  \\$bPh. D.$cUniversity of Alberta$d1969.
=504  \\$aIncludes bibliographical references (pages [434]-445).
=651  \0$aLebanon$xForeign relations.
=651  \0$aLebanon$xPolitics and government.
=650  \0$aCold War.
=710  2\$aUniversity of Alberta.$bDepartment of Political Science.
=900  \\$aNK04962
=949  \\$zUAIN$zETHESIS

