=LDR  01405ntm a2200361Ii 4500
=001  uab09275948
=003  UAB
=005  20141007103717.0
=006  m|||||o||d||||||||
=007  cr||||||||||||
=008  141007t19721972xx\\\\\\obm\\\000\0\eng\d
=040  \\$aUAB$beng$erda$cUAB
=043  \\$an-cn---
=050  \4$aJF529$b.B43 1972
=090  \\$aInternet Access$bAEU
=100  1\$aBeattie, Margaret Eileen,$eauthor.
=245  10$aPressure group politics :$bthe case of the Student Christian Movement of Canada /$cby Margaret Eileen Beattie.
=264  \1$c[1972]
=264  \4$c©1972
=300  \\$a1 online resource (vi, 297 pages)
=336  \\$atext$btxt$2rdacontent
=337  \\$acomputer$bc$2rdamedia
=338  \\$aonline resource$bcr$2rdacarrier
=500  \\$a"A thesis submitted to the Faculty of Graduate Studies and Research in partial fulfilment of the requirements for the degree of Doctor of Philosophy, Department of Political Science."
=502  \\$bPh. D.$cUniversity of Alberta$d1972.
=504  \\$aIncludes bibliographical references (pages 279-290).
=590  \\$aLibrary copy imperfect: first page scanned twice.
=610  20$aStudent Christian Movement of Canada.
=650  \0$aPressure groups$zCanada.
=650  \0$aStudent movements.
=650  \0$aChurch work with students$zCanada.
=710  2\$aUniversity of Alberta.$bDepartment of Political Science.
=900  \\$aNK13294
=949  \\$zUAIN$zETHESIS

