=LDR  01158ntm a2200313Ii 4500
=001  uab09274652
=003  UAB
=005  20141002052348.0
=006  m|||||o||d||||||||
=007  cr||||||||||||
=008  141002t19691969xx\ad\\\obm\\\000\0\eng\d
=040  \\$aUAB$beng$erda$cUAB
=050  \4$aBF317$b.M67 1969
=090  \\$aInternet Access$bAEU
=100  1\$aMorris, Richard Benner,$eauthor.
=245  10$aSequential dependencies in magnitude estimation /$cby Richard Benner Morris.
=264  \1$c[1969]
=264  \4$c©1969
=300  \\$a1 online resource (56 pages) :$billustrations
=336  \\$atext$btxt$2rdacontent
=337  \\$acomputer$bc$2rdamedia
=338  \\$aonline resource$bcr$2rdacarrier
=500  \\$a"A thesis submitted to the Faculty of Graduate Studies and Research in partial fulfilment of the requirements for the degree of Doctor of Philosophy, Department of Psychology."
=502  \\$bPh. D.$cUniversity of Alberta$d1969.
=504  \\$aIncludes bibliographical references (pages [48]-51).
=650  \0$aReaction time.
=650  \0$aPsychometrics.
=710  2\$aUniversity of Alberta.$bDepartment of Psychology.
=900  \\$aNK03862
=949  \\$zUAIN$zETHESIS

