=LDR  01146ntm a2200301Ii 4500
=001  uab09275114
=003  UAB
=005  20141003061339.0
=006  m|||||o||d||||||||
=007  cr||||||||||||
=008  141003t19711971xx\ad\\\obm\\\000\0\eng\d
=040  \\$aUAB$beng$erda$cUAB
=050  \4$aLB1064$b.R86 1971
=090  \\$aInternet Access$bAEU
=100  1\$aRunquist, Peggy Anne,$eauthor.
=245  10$aOrganizational factors in paired-associate learning /$cby Peggy Anne Runquist.
=264  \1$c[1971]
=264  \4$c©1971
=300  \\$a1 online resource (viii, 63 pages) :$billustrations
=336  \\$atext$btxt$2rdacontent
=337  \\$acomputer$bc$2rdamedia
=338  \\$aonline resource$bcr$2rdacarrier
=500  \\$a"A thesis submitted to the Faculty of Graduate Studies and Research in partial fulfilment of the requirements for the degree of Doctor of Philosophy, Department of Psychology."
=502  \\$bPh. D.$cUniversity of Alberta$d1971.
=504  \\$aIncludes bibliographical references (pages 57-59).
=650  \0$aPaired-association learning.
=710  2\$aUniversity of Alberta.$bDepartment of Psychology.
=900  \\$aNK08410
=949  \\$zUAIN$zETHESIS

