=LDR  01360ntm a2200349Ii 4500
=001  uab09276284
=003  UAB
=005  20141008092041.0
=006  m|||||o||d||||||||
=007  cr||||||||||||
=008  141008t19721972xx\ad\\\obm\\\000\0\eng\d
=040  \\$aUAB$beng$erda$cUAB
=050  \4$aQL737.L32$bK56 1972
=090  \\$aInternet Access$bAEU
=100  1\$aKinkaide, Perry Studley,$eauthor.
=245  12$aA behavioral and electrophysiological study of selective stimulus control in the rabbit /$cby Perry Studley Kinkaide.
=264  \1$c[1972]
=264  \4$c©1972
=300  \\$a1 online resource (xvi, 198 pages) :$billustrations
=336  \\$atext$btxt$2rdacontent
=337  \\$acomputer$bc$2rdamedia
=338  \\$aonline resource$bcr$2rdacarrier
=500  \\$a"A thesis submitted to the Faculty of Graduate Studies and Research in partial fulfilment of the requirements for the degree of Doctor of Philosophy, Department of Psychology."
=500  \\$aAppendix A: every other paged numbered.
=502  \\$bPh. D.$cUniversity of Alberta$d1972.
=504  \\$aIncludes bibliographical references (pages 123-138).
=650  \0$aRabbits$xBehavior.
=650  \0$aElectrophysiology.
=650  \0$aVisual evoked response.
=650  \0$aRabbits as laboratory animals.
=710  2\$aUniversity of Alberta.$bDepartment of Psychology.
=900  \\$aNK13437
=949  \\$zUAIN$zETHESIS

