=LDR  01133ntm a2200301Ii 4500
=001  uab09274648
=003  UAB
=005  20141002052348.0
=006  m|||||o||d||||||||
=007  cr||||||||||||
=008  141002t19691969xx\ad\\\obm\\\000\0\eng\d
=040  \\$aUAB$beng$erda$cUAB
=050  \4$aBF317$b.L43 1969
=090  \\$aInternet Access$bAEU
=100  1\$aLechelt, Eugene C.,$eauthor.
=245  10$aInfluence of value in the perception of spatial numerosity /$cby Eugene C. Lechelt.
=264  \1$c[1969]
=264  \4$c©1969
=300  \\$a1 online resource (ix, 89 pages) :$billustrations
=336  \\$atext$btxt$2rdacontent
=337  \\$acomputer$bc$2rdamedia
=338  \\$aonline resource$bcr$2rdacarrier
=500  \\$a"A thesis submitted to the Faculty of Graduate Studies and Research in partial fulfillment of the requirements for the degree of Doctor of Philosophy, Department of Psychology."
=502  \\$bPh. D.$cUniversity of Alberta$d1969.
=504  \\$aIncludes bibliographical references (pages 66-73).
=650  \0$aReaction time.
=710  2\$aUniversity of Alberta.$bDepartment of Psychology.
=900  \\$aNK03856
=949  \\$zUAIN$zETHESIS

