=LDR  01154ntm a2200313Ii 4500
=001  uab09275324
=003  UAB
=005  20141003161210.0
=006  m|||||o||d||||||||
=007  cr||||||||||||
=008  141003t19701970xx\\\\\\obm\\\000\0\eng\d
=040  \\$aUAB$beng$erda$cUAB
=050  \4$aBC199.I45$bP47 1970
=090  \\$aInternet Access$bAEU
=100  1\$aPercival, Elizabeth Fox,$eauthor.
=245  10$aSome determinants of tolerance for inconsistency /$cby Elizabeth Fox Percival.
=264  \1$c[1970]
=264  \4$c©1970
=300  \\$a1 online resource (ix, 119 pages)
=336  \\$atext$btxt$2rdacontent
=337  \\$acomputer$bc$2rdamedia
=338  \\$aonline resource$bcr$2rdacarrier
=500  \\$a"A thesis submitted to the Faculty of Graduate Studies and Research in partial fulfilment of the requirements for the degree of Doctor of Philosophy, Department of Psychology."
=502  \\$bPh. D.$cUniversity of Alberta$d1970.
=504  \\$aIncludes bibliographical references (pages 70-74).
=650  \0$aInconsistency (Logic)
=650  \0$aToleration.
=710  2\$aUniversity of Alberta.$bDepartment of Psychology.
=900  \\$aNK06746
=949  \\$zUAIN$zETHESIS

