=LDR  01210ntm a2200313Ii 4500
=001  uab09276346
=003  UAB
=005  20141008112127.0
=006  m|||||o||d||||||||
=007  cr||||||||||||
=008  141008t19711971xx\\\\\\obm\\\000\0\eng\d
=040  \\$aUAB$beng$erda$cUAB
=050  \4$aBJ1451$b.M33 1971
=090  \\$aInternet Access$bAEU
=100  1\$aMacWillie, Gordon John,$eauthor.
=245  10$aAlternatives and attribution of responsibility :$battribution for unintended negative effects /$cby Gordon John MacWillie.
=264  \1$c[1971]
=264  \4$c©1971
=300  \\$a1 online resource (viii, 63 pages)
=336  \\$atext$btxt$2rdacontent
=337  \\$acomputer$bc$2rdamedia
=338  \\$aonline resource$bcr$2rdacarrier
=500  \\$a"A thesis submitted to the Faculty of Graduate Studies and Research in partial fulfilment of the requirements for the degree of Doctor of Philosophy, Department of Psychology."
=502  \\$bPh. D.$cUniversity of Alberta$d1971.
=504  \\$aIncludes bibliographical references (pages 34-35).
=650  \0$aResponsibility.
=650  \0$aAttribution (Social psychology)
=710  2\$aUniversity of Alberta.$bDepartment of Psychology.
=900  \\$aNK09617
=949  \\$zUAIN$zETHESIS

