=LDR  01174ntm a2200325Ii 4500
=001  uab09277281
=003  UAB
=005  20141010101825.0
=006  m|||||o||d||||||||
=007  cr||||||||||||
=008  141010t19731973xx\ad\\\obm\\\000\0\eng\d
=040  \\$aUAB$beng$erda$cUAB
=050  \4$aB105.I56$bE33 1973
=090  \\$aInternet Access$bAEU
=100  1\$aEgan, Eugene,$eauthor.
=245  14$aThe psychology of intentional modes /$cby Eugene Egan.
=264  \1$c[1973]
=264  \4$c©1973
=300  \\$a1 online resource (viii, 100 pages) :$billustrations
=336  \\$atext$btxt$2rdacontent
=337  \\$acomputer$bc$2rdamedia
=338  \\$aonline resource$bcr$2rdacarrier
=500  \\$a"A thesis submitted to the Faculty of Graduate Studies and Research in partial fulfilment of the requirements for the degree of Doctor of Philosophy, Department of Psychology."
=502  \\$bPh. D.$cUniversity of Alberta$d1973.
=504  \\$aIncludes bibliographical references (pages 79-82).
=650  \0$aIntentionality (Philosophy)
=650  \0$aIntention.
=650  \0$aIntentionalism.
=710  2\$aUniversity of Alberta.$bDepartment of Psychology.
=900  \\$aNK17503
=949  \\$zUAIN$zETHESIS

