=LDR  01174ntm a2200325Ii 4500
=001  uab09277635
=003  UAB
=005  20141013062259.0
=006  m|||||o||d||||||||
=007  cr||||||||||||
=008  141013t19751975xx\\\\\\obm\\\000\0\eng\d
=040  \\$aUAB$beng$erda$cUAB
=050  \4$aHM1076$b.N47 1975
=090  \\$aInternet Access$bAEU
=100  1\$aNesdale, Andrew R.,$eauthor.
=245  10$aExplanation-seeking and causal attributions /$cby Andrew R. Nesdale.
=264  \1$c[1975]
=264  \4$c©1975
=300  \\$a1 online resource (xi, 85 pages)
=336  \\$atext$btxt$2rdacontent
=337  \\$acomputer$bc$2rdamedia
=338  \\$aonline resource$bcr$2rdacarrier
=500  \\$a"A thesis submitted to the Faculty of Graduate Studies and Research in partial fulfilment of the requirements for the degree of Doctor of Philosophy, Department of Psychology."
=502  \\$bPh. D.$cUniversity of Alberta$d1975.
=504  \\$aIncludes bibliographical references (pages 57-59).
=650  \0$aAttribution (Social psychology)
=650  \0$aCausation.
=650  \0$aExplanation.
=710  2\$aUniversity of Alberta.$bDepartment of Psychology.
=900  \\$aNK26861
=949  \\$zUAIN$zETHESIS

