=LDR  01208ntm a2200313Ii 4500
=001  uab09277120
=003  UAB
=005  20141009171823.0
=006  m|||||o||d||||||||
=007  cr||||||||||||
=008  141009t19731973xx\ad\\\obm\\\000\0\eng\d
=040  \\$aUAB$beng$erda$cUAB
=050  \4$aBF713$b.B87 1973
=090  \\$aInternet Access$bAEU
=100  1\$aBuss, Allan R.,$eauthor.
=245  10$aMultivariate developmental psychology :$ba theoretical treatise on changes in ability factors /$cby Allan R. Buss.
=264  \1$c[1973]
=264  \4$c©1973
=300  \\$a1 online resource (xii, 169 pages) :$billustrations
=336  \\$atext$btxt$2rdacontent
=337  \\$acomputer$bc$2rdamedia
=338  \\$aonline resource$bcr$2rdacarrier
=500  \\$a"A thesis submitted to the Faculty of Graduate Studies and Research in partial fulfilment of the requirements for the degree of Doctor of Philosophy, Department of Psychology."
=502  \\$bPh. D.$cUniversity of Alberta$d1973.
=504  \\$aIncludes bibliographical references (pages 144-161).
=650  \0$aDevelopmental psychology.
=650  \0$aAbility$xTesting.
=710  2\$aUniversity of Alberta.$bDepartment of Psychology.
=900  \\$aNK17469
=949  \\$zUAIN$zETHESIS

