=LDR  01151ntm a2200313Ii 4500
=001  uab09275182
=003  UAB
=005  20141003104246.0
=006  m|||||o||d||||||||
=007  cr||||||||||||
=008  141003t19701970xx\ad\\\obm\\\000\0\eng\d
=040  \\$aUAB$beng$erda$cUAB
=050  \4$aHM1191$b.J37 1970
=090  \\$aInternet Access$bAEU
=100  1\$aJastrebske, Ellen Mary,$eauthor.
=245  10$aDissonance or social consequences /$cby Ellen Mary Jastrebske.
=264  \1$c[1970]
=264  \4$c©1970
=300  \\$a1 online resource (xii, 134 pages) :$billustration
=336  \\$atext$btxt$2rdacontent
=337  \\$acomputer$bc$2rdamedia
=338  \\$aonline resource$bcr$2rdacarrier
=500  \\$a"A thesis submitted to the Faculty of Graduate Studies and Research in partial fulfilment of the requirements for the degree of Doctor of Philosophy, Department of Psychology."
=502  \\$bPh. D.$cUniversity of Alberta$d1970.
=504  \\$aIncludes bibliographical references (pages 72-74).
=650  \0$aCognitive dissonance.
=650  \0$aSociology.
=710  2\$aUniversity of Alberta.$bDepartment of Psychology.
=900  \\$aNK06720
=949  \\$zUAIN$zETHESIS

