=LDR  01216ntm a2200325Ii 4500
=001  uab09275705
=003  UAB
=005  20141006143627.0
=006  m|||||o||d||||||||
=007  cr||||||||||||
=008  141006t19711971xx\ad\\\obm\\\000\0\eng\d
=040  \\$aUAB$beng$erda$cUAB
=050  \4$aBF778$b.P47 1971
=090  \\$aInternet Access$bAEU
=100  1\$aPercival, Terrance Quentin,$eauthor.
=245  10$aCognitive and motivational development :$ba study of value change /$cby Terrance Quentin Percival.
=264  \1$c[1971]
=264  \4$c©1971
=300  \\$a1 online resource (xi, 103 pages) :$billustrations
=336  \\$atext$btxt$2rdacontent
=337  \\$acomputer$bc$2rdamedia
=338  \\$aonline resource$bcr$2rdacarrier
=500  \\$a"A thesis submitted to the Faculty of Graduate Studies and Research in partial fulfilment of the requirements for the degree of Doctor of Philosophy, Department of Psychology."
=502  \\$bPh. D.$cUniversity of Alberta$d1971.
=504  \\$aIncludes bibliographical references (pages 83-85).
=650  \0$aValues.
=650  \0$aCognition.
=650  \0$aMotivation (Psychology)
=710  2\$aUniversity of Alberta.$bDepartment of Psychology.
=900  \\$aNK08113
=949  \\$zUAIN$zETHESIS

