=LDR  01151ntm a2200313Ii 4500
=001  uab09275981
=003  UAB
=005  20141007112900.0
=006  m|||||o||d||||||||
=007  cr||||||||||||
=008  141007t19721972xx\ad\\\obm\\\000\0\eng\d
=040  \\$aUAB$beng$erda$cUAB
=050  \4$aB105.P62$bB73 1972
=090  \\$aInternet Access$bAEU
=100  1\$aBradbury, Ola Hinton,$eauthor.
=245  10$aPatterns of children's preferences /$cby Ola Hinton Bradbury.
=264  \1$c[1972]
=264  \4$c©1972
=300  \\$a1 online resource (ix, 120 pages) :$billustrations
=336  \\$atext$btxt$2rdacontent
=337  \\$acomputer$bc$2rdamedia
=338  \\$aonline resource$bcr$2rdacarrier
=500  \\$a"A thesis submitted to the Faculty of Graduate Studies and Research in partial fulfilment of the requirements for the degree of Doctor of Philosophy, Department of Psychology."
=502  \\$bPh. D.$cUniversity of Alberta$d1972.
=504  \\$aIncludes bibliographical references (pages 73-75).
=650  \0$aPreferences (Philosophy)
=650  \0$aChildren.
=710  2\$aUniversity of Alberta.$bDepartment of Psychology.
=900  \\$aNK13310
=949  \\$zUAIN$zETHESIS

