=LDR  01094ntm a2200301Ii 4500
=001  uab09277423
=003  UAB
=005  20141010153047.0
=006  m|||||o||d||||||||
=007  cr||||||||||||
=008  141010t19741974xx\\\\\\obm\\\000\0\eng\d
=040  \\$aUAB$beng$erda$cUAB
=050  \4$aBF637.L4$bR95 1974
=090  \\$aInternet Access$bAEU
=100  1\$aRyks, Dolf,$eauthor.
=245  10$aLeader legitimacy and influence in hierarchical groups /$cby Dolf Ryks.
=264  \1$c[1974]
=264  \4$c©1974
=300  \\$a1 online resource (xi, 74 pages)
=336  \\$atext$btxt$2rdacontent
=337  \\$acomputer$bc$2rdamedia
=338  \\$aonline resource$bcr$2rdacarrier
=500  \\$a"A thesis submitted to the Faculty of Graduate Studies and Research in partial fulfilment of the requirements for the degree of Doctor of Philosophy, Department of Psychology."
=502  \\$bPh. D.$cUniversity of Alberta$d1974.
=504  \\$aIncludes bibliographical references (pages 45-46).
=650  \0$aLeadership.
=710  2\$aUniversity of Alberta.$bDepartment of Psychology.
=900  \\$aNK21960
=949  \\$zUAIN$zETHESIS

