=LDR  01195ntm a2200313Ii 4500
=001  uab09277398
=003  UAB
=005  20141010143836.0
=006  m|||||o||d||||||||
=007  cr||||||||||||
=008  141010t19741974xx\\\\\\obm\\\000\0deng\d
=040  \\$aUAB$beng$erda$cUAB
=050  \4$aPQ2603.U86$bL93 1974
=090  \\$aInternet Access$bAEU
=100  1\$aLydon, Mary,$eauthor.
=245  12$aA study of the novels and aesthetics of Michel Butor /$cby Mary Lydon.
=264  \1$c[1974]
=264  \4$c©1974
=300  \\$a1 online resource (viii, 562 pages)
=336  \\$atext$btxt$2rdacontent
=337  \\$acomputer$bc$2rdamedia
=338  \\$aonline resource$bcr$2rdacarrier
=500  \\$a"A thesis submitted to the Faculty of Graduate Studies and Research in partial fulfilment of the requirements for the degree of Ph. D. in French Literature, Department, Romance Languages."
=502  \\$bPh. D.$cUniversity of Alberta$d1974.
=504  \\$aIncludes bibliographical references (pages 540-561).
=600  10$aButor, Michel$xCriticism and interpretation.
=650  \0$aAesthetics in literature.
=710  2\$aUniversity of Alberta.$bDepartment of Romance Languages.
=900  \\$aNK23363
=949  \\$zUAIN$zETHESIS

