=LDR  01242ntm a2200313Ii 4500
=001  uab09276699
=003  UAB
=005  20141008203244.0
=006  m|||||o||d||||||||
=007  cr||||||||||||
=008  141008t19731973xx\\\\\\obm\\\000\0\eng\d
=040  \\$aUAB$beng$erda$cUAB
=050  \4$aPC2066$b.C57 1973
=090  \\$aInternet Access$bAEU
=100  1\$aCipolla, Joseph Frederick,$eauthor.
=245  14$aThe relationship between various factors and persistence and non-persistence in the study of French /$cby Joseph Frederick Cipolla.
=264  \1$c[1973]
=264  \4$c©1973
=300  \\$a1 online resource (xii, 181 pages)
=336  \\$atext$btxt$2rdacontent
=337  \\$acomputer$bc$2rdamedia
=338  \\$aonline resource$bcr$2rdacarrier
=500  \\$a"A thesis submitted to the Faculty of Graduate Studies and Research in partial fulfilment of the requirements for the degree of Doctor of Philosophy, Department of Secondary Education."
=502  \\$bPh. D.$cUniversity of Alberta$d1973.
=504  \\$aIncludes bibliographical references (pages 90-95).
=650  \0$aPersistence.
=650  \0$aFrench language$xStudy and teaching.
=710  2\$aUniversity of Alberta.$bDepartment of Secondary Education.
=900  \\$aNK15208
=949  \\$zUAIN$zETHESIS

