=LDR  01252ntm a2200325Ii 4500
=001  uab09277048
=003  UAB
=005  20141009155303.0
=006  m|||||o||d||||||||
=007  cr||||||||||||
=008  141009t19741974xx\b\\\\obms\\000\0\eng\d
=040  \\$aUAB$beng$erda$cUAB
=043  \\$an-cn-ab
=050  \4$aF1080.A1$bM38 1974
=090  \\$aInternet Access$bAEU
=100  1\$aMcVey, Wayne William,$eauthor.
=245  13$aAn empirical assessment of a modified censal ratio estimation technique /$cby Wayne W. McVey, Jr.
=264  \1$c[1974]
=264  \4$c©1974
=300  \\$a1 online resource (xxiii, 314 pages) :$bmaps
=336  \\$atext$btxt$2rdacontent
=337  \\$acomputer$bc$2rdamedia
=338  \\$aonline resource$bcr$2rdacarrier
=500  \\$a"A thesis submitted to the Faculty of Graduate Studies and Research in partial fulfilment of the requirements for the degree of Doctor of Philosophy, Department of Sociology."
=502  \\$bPh. D.$cUniversity of Alberta$d1974.
=504  \\$aIncludes bibliographical references (pages 275-296).
=651  \0$aEdmonton (Alta.)$xPopulation$vStatistics.
=650  \0$aHousing$zAlberta$zEdmonton$vStatistics.
=710  2\$aUniversity of Alberta.$bDepartment of Sociology.
=900  \\$aNK21060
=949  \\$zUAIN$zETHESIS

