=LDR  01242ntm a2200337Ii 4500
=001  uab09277073
=003  UAB
=005  20141009163101.0
=006  m|||||o||d||||||||
=007  cr||||||||||||
=008  141009t19731973xx\\\\\\obm\\\000\0\eng\d
=040  \\$aUAB$beng$erda$cUAB
=050  \4$aHM1151$b.B47 1973
=090  \\$aInternet Access$bAEU
=100  1\$aBerg, Dale Herbert,$eauthor.
=245  10$aSexual subcultures and interaction :$ba study in discrepant meanings /$cby Dale Herbert Berg.
=264  \1$c[1973]
=264  \4$c©1973
=300  \\$a1 online resource ([xiii], 182 pages)
=336  \\$atext$btxt$2rdacontent
=337  \\$acomputer$bc$2rdamedia
=338  \\$aonline resource$bcr$2rdacarrier
=500  \\$a"A thesis submitted to the Faculty of Graduate Studies and Research in partial fulfilment of the requirements for the degree of Doctor of Philosophy, Department of Sociology."
=502  \\$bPh. D.$cUniversity of Alberta$d1973.
=504  \\$aIncludes bibliographical references (pages 150-164).
=650  \0$aInterpersonal attraction.
=650  \0$aSexual attraction.
=650  \0$aHeterosexuals.
=650  \0$aSocial influence.
=710  2\$aUniversity of Alberta.$bDepartment of Sociology.
=900  \\$aNK17451
=949  \\$zUAIN$zETHESIS

