=LDR  01271ntm a2200337Ii 4500
=001  uab09277309
=003  UAB
=005  20141010112435.0
=006  m|||||o||d||||||||
=007  cr||||||||||||
=008  141010t19741974xx\ad\\\obm\\\000\0\eng\d
=040  \\$aUAB$beng$erda$cUAB
=050  \4$aBJ1012$b.L48 1974
=090  \\$aInternet Access$bAEU
=100  1\$aLevine, Charles,$eauthor.
=245  10$aExplaining moral judgments :$ba synthesis of cognitive-developmental and symbolic interactionist premises /$cby Charles Levine.
=264  \1$c[1974]
=264  \4$c©1974
=300  \\$a1 online resource (xiii, 241 pages) :$billustrations
=336  \\$atext$btxt$2rdacontent
=337  \\$acomputer$bc$2rdamedia
=338  \\$aonline resource$bcr$2rdacarrier
=500  \\$a"A thesis submitted to the Faculty of Graduate Studies and Research in partial fulfilment of the requirements for the degree of Doctor of Philosophy, Department of Sociology."
=502  \\$bPh. D.$cUniversity of Alberta$d1974.
=504  \\$aIncludes bibliographical references (pages 196-208).
=650  \0$aEthics.
=650  \0$aMoral conditions.
=650  \0$aJudgment (Logic)
=650  \0$aEthical problems.
=710  2\$aUniversity of Alberta.$bDepartment of Sociology.
=900  \\$aNK21881
=949  \\$zUAIN$zETHESIS

