=LDR  01334ntm a2200361Ii 4500
=001  uab09277649
=003  UAB
=005  20141013062259.0
=006  m|||||o||d||||||||
=007  cr||||||||||||
=008  141013t19751975xx\\\\\\obm\\\000\0\eng\d
=040  \\$aUAB$beng$erda$cUAB
=043  \\$an-cn---
=050  \4$aHT169.C2$bS73 1975
=090  \\$aInternet Access$bAEU
=100  1\$aStafford, James Dale,$eauthor.
=245  10$aDifferential urban development in Canada, 1951-1961 /$cby James Dale Stafford.
=264  \1$c[1975]
=264  \4$c©1975
=300  \\$a1 online resource (xi, 414 pages)
=336  \\$atext$btxt$2rdacontent
=337  \\$acomputer$bc$2rdamedia
=338  \\$aonline resource$bcr$2rdacarrier
=500  \\$a"A thesis submitted to the Faculty of Graduate Studies and Research in partial fulfilment of the requirements for the degree of Doctor of Philosophy, Department of Sociology."
=502  \\$bPh. D.$cUniversity of Alberta$d1975.
=504  \\$aIncludes bibliographical references (pages 388-403).
=650  \0$aHousing policy$zCanada.
=650  \0$aHousing development$zCanada.
=650  \0$aUrban policy$zCanada.
=650  \0$aCities and towns$zCanada.
=650  \0$aUrbanization$xEnvironmental aspects$zCanada.
=710  2\$aUniversity of Alberta.$bDepartment of Sociology.
=900  \\$aNK26925
=949  \\$zUAIN$zETHESIS

