=LDR  01208ntm a2200325Ii 4500
=001  uab09277295
=003  UAB
=005  20141010104805.0
=006  m|||||o||d||||||||
=007  cr||||||||||||
=008  141010t19741974xx\\\\\\obm\\\000\0\eng\d
=040  \\$aUAB$beng$erda$cUAB
=050  \4$aK5458$b.K54 1974
=090  \\$aInternet Access$bAEU
=100  1\$aKlein John Frederick,$eauthor.
=245  10$aOfficial morality and offender perception of the bargaining process /$cby John Frederick Klein.
=264  \1$c[1974]
=264  \4$c©1974
=300  \\$a1 online resource (xii, 241 pages)
=336  \\$atext$btxt$2rdacontent
=337  \\$acomputer$bc$2rdamedia
=338  \\$aonline resource$bcr$2rdacarrier
=500  \\$a"A thesis submitted to the Faculty of Graduate Studies and Research in partial fulfilment of the requirements for the degree of Doctor of Philosophy, Department of Sociology."
=502  \\$bPh. D.$cUniversity of Alberta$d1974.
=504  \\$aIncludes bibliographical references (pages 226-237).
=650  \0$aPlea bargaining.
=650  \0$aPleading (Criminal procedure)
=650  \0$aNegotiation.
=710  2\$aUniversity of Alberta.$bDepartment of Sociology.
=900  \\$aNK21867
=949  \\$zUAIN$zETHESIS

