=LDR  01221ntm a2200313Ii 4500
=001  uab09276910
=003  UAB
=005  20141009123331.0
=006  m|||||o||d||||||||
=007  cr||||||||||||
=008  141009t19731973xx\\\\\\obm\\\000\0\eng\d
=040  \\$aUAB$beng$erda$cUAB
=050  \4$aHD49$b.L69 1973
=090  \\$aInternet Access$bAEU
=100  1\$aLoza-Soliman, Sarah,$eauthor.
=245  10$aAction systems in crisis :$ba theoretical exploration with reference to selected cases of forced migration /$cby Sarah Loza-Soliman.
=264  \1$c[1973]
=264  \4$c©1973
=300  \\$a1 online resource (xiv, 293 pages)
=336  \\$atext$btxt$2rdacontent
=337  \\$acomputer$bc$2rdamedia
=338  \\$aonline resource$bcr$2rdacarrier
=500  \\$a"A thesis submitted to the Faculty of Graduate Studies and Research in partial fulfilment of the requirements for the degree of Doctor of Philosophy, Department of Sociology."
=502  \\$bPh. D.$cUniversity of Alberta$d1973.
=504  \\$aIncludes bibliographical references (pages 281-293).
=650  \0$aCrisis management$vCase studies.
=650  \0$aConflict management.
=710  2\$aUniversity of Alberta.$bDepartment of Sociology.
=900  \\$aNK15269
=949  \\$zUAIN$zETHESIS

