=LDR  01320ntm a2200325Ii 4500
=001  uab09277055
=003  UAB
=005  20141009160034.0
=006  m|||||o||d||||||||
=007  cr||||||||||||
=008  141009t19731973xx\ad\\\obm\\\000\0\eng\d
=040  \\$aUAB$beng$erda$cUAB
=050  \4$aQR82.C9$bC47 1973
=090  \\$aInternet Access$bAEU
=100  1\$aChristensen, Penelope Janet,$eauthor.
=245  10$aStudies on soil and freshwater Cytophagas /$cby Penelope Janet Christensen.
=264  \1$c[1973]
=264  \4$c©1973
=300  \\$a1 online resource (xv, 471 pages) :$billustrations
=336  \\$atext$btxt$2rdacontent
=337  \\$acomputer$bc$2rdamedia
=338  \\$aonline resource$bcr$2rdacarrier
=500  \\$a"A thesis submitted to the Faculty of Graduate Studies and Research in partial fulfilment of the requirements for the degree of Doctor of Philosophy, Department of Soil Science."
=502  \\$bPh. D.$cUniversity of Alberta$d1973.
=504  \\$aIncludes bibliographical references (pages 337-374).
=590  \\$aLibrary copy imperfect: pages 90, 147, 149, 150, 152, 153, 155, 156, 166, 184, 191, 192, 312, 313, 317, 320, 323, 328, 331 scanned twice.
=650  \0$aCytophaga.
=650  \0$aFlexibacter.
=710  2\$aUniversity of Alberta.$bDepartment of Soil Science.
=900  \\$aNK16153
=949  \\$zUAIN$zETHESIS

