=LDR  01276ntm a2200325Ii 4500
=001  uab09274425
=003  UAB
=005  20141001141452.0
=006  m|||||o||d||||||||
=007  cr||||||||||||
=008  141001t19681968xx\abd\\obm\\\000\0\eng\d
=040  \\$aUAB$beng$erda$cUAB
=043  \\$an-cn-ab
=050  \4$aGB708.A3$bV47 1968
=090  \\$aInternet Access$bAEU
=100  1\$aVerma, Tika Ram,$eauthor.
=245  10$aMoisture balance in soils of the Edmonton area /$cby Tika Ram Verma, B.Sc. (Agric.), M.Sc. (Agric.).
=264  \1$c[1968]
=264  \4$c©1968
=300  \\$a1 online resource (<204 [i.e., 207] pages>) :$billustrations, maps
=336  \\$atext$btxt$2rdacontent
=337  \\$acomputer$bc$2rdamedia
=338  \\$aonline resource$bcr$2rdacarrier
=500  \\$a"A thesis submitted to the Faculty of Graduate Studies and Research in partial fulfilment of the requirements for the degree of Doctor of Philosophy, Department of Soil Science."
=502  \\$bPh. D.$cUniversity of Alberta$d1968.
=504  \\$aIncludes bibliographical references (pages 173-189).
=650  \0$aWater balance (Hydrology)$zAlberta$zEdmonton.
=650  \0$aSoil moisture$zAlberta$zEdmonton.
=710  2\$aUniversity of Alberta.$bDepartment of Soil Science.
=900  \\$aNK03418
=949  \\$zUAIN$zETHESIS

