=LDR  01292ntm a2200337Ii 4500
=001  uab09274480
=003  UAB
=005  20141001153954.0
=006  m|||||o||d||||||||
=007  cr||||||||||||
=008  141001t19691969xx\abd\\obm\\\000\0\eng\d
=040  \\$aUAB$beng$erda$cUAB
=043  \\$an-cn-ab
=050  \4$aGB992.C2$bB45 1969
=090  \\$aInternet Access$bAEU
=100  1\$aBeke, Gerard J.,$eauthor.
=245  10$aSoils of three experimental watersheds in Alberta and their hydrologic significance /$cby Gerard J. Beke, B.S.A., M.Sc.
=264  \1$c[1969]
=264  \4$c©1969
=300  \\$a1 online resource (<456 [i.e., 466] pages>) :$billustrations, maps
=336  \\$atext$btxt$2rdacontent
=337  \\$acomputer$bc$2rdamedia
=338  \\$aonline resource$bcr$2rdacarrier
=500  \\$a"A thesis submitted to the Faculty of Graduate Studies and Research in partial fulfilment of the requirements for the degree of Doctor of Philosophy, Department of Soil Science."
=500  \\$a2 folded maps in pocket.
=502  \\$bPh. D.$cUniversity of Alberta$d1969.
=504  \\$aIncludes bibliographical references (pages 192-205).
=650  \0$aWatersheds$zAlberta.
=650  \0$aSoil moisture.
=710  2\$aUniversity of Alberta.$bDepartment of Soil Science.
=900  \\$aNK03829
=949  \\$zUAIN$zETHESIS

