=LDR  01224ntm a2200325Ii 4500
=001  uab09277194
=003  UAB
=005  20141004091536.0
=006  m|||||o||d||||||||
=007  cr||||||||||||
=008  141004t19721972xx\ad\\\obm\\\000\0\eng\d
=040  \\$aUAB$beng$erda$cUAB
=050  \4$aRD539$b.F57 1972
=090  \\$aInternet Access$bAEU
=100  1\$aFisk, Robert Leighton,$eauthor.
=245  10$aPerfusion of the isolated canine lung :$bapplication to pathophysiologic studies /$cby Robert Leighton Fisk.
=264  \1$c[1972]
=264  \4$c©1972
=300  \\$a1 online resource (xvi, 261) :$billustrations
=336  \\$atext$btxt$2rdacontent
=337  \\$acomputer$bc$2rdamedia
=338  \\$aonline resource$bcr$2rdacarrier
=500  \\$a"A thesis submitted to the Faculty of Graduate Studies and Research in partial fulfilment of the requirements for the degree of Doctor of Philosophy, Department of Surgery."
=502  \\$bPh. D.$cUniversity of Alberta$d1972.
=504  \\$aIncludes bibliographical references (pages 247-261).
=650  \0$aLungs$xSurgery.
=650  \0$aLungs$xPathophysiology.
=650  \0$aDogs$xSurgery.
=710  2\$aUniversity of Alberta.$bDepartment of Surgery.
=900  \\$aNK11131
=949  \\$zUAIN$zETHESIS

