=LDR  01271ntm a2200337Ii 4500
=001  uab09275614
=003  UAB
=005  20141006113230.0
=006  m|||||o||d||||||||
=007  cr||||||||||||
=008  141006t19711971xx\ad\\\obm\\\000\0\eng\d
=040  \\$aUAB$beng$erda$cUAB
=050  \4$aQL368.C59$bL53 1971
=090  \\$aInternet Access$bAEU
=100  1\$aLiburd, Eugene McLaren,$eauthor.
=245  10$aImmunity to Eimeria nieschulzi in rats /$cby Eugene McLaren Liburd.
=264  \1$c[1971]
=264  \4$c©1971
=300  \\$a1 online resource (1 volume (various pagings)) :$billustrations
=336  \\$atext$btxt$2rdacontent
=337  \\$acomputer$bc$2rdamedia
=338  \\$aonline resource$bcr$2rdacarrier
=500  \\$a"A thesis submitted to the Faculty of Graduate Studies and Research in partial fulfilment of the requirements for the degree of Doctor of Philosophy, Department of Zoology."
=502  \\$bPh. D.$cUniversity of Alberta$d1971.
=504  \\$aIncludes bibliographical references (pages 66-74).
=590  \\$aLibrary copy imperfect: plates facing pages 38, 49, 76 scanned twice.
=650  \0$aCoccidia.
=650  \0$aImmunity.
=650  \0$aRats$xParasites.
=710  2\$aUniversity of Alberta.$bDepartment of Zoology.
=900  \\$aNK08096
=949  \\$zUAIN$zETHESIS

