=LDR  01212ntm a2200313Ii 4500
=001  uab09276904
=003  UAB
=005  20141009122519.0
=006  m|||||o||d||||||||
=007  cr||||||||||||
=008  141009t19731973xx\abd\\obm\\\000\0\eng\d
=040  \\$aUAB$beng$erda$cUAB
=050  \4$aQL737.U53$bG73 1973
=090  \\$aInternet Access$bAEU
=100  1\$aGray, David Robert,$eauthor.
=245  10$aSocial organization and behaviour of muskoxen (Ovibos moschatus) on Bathurst Island, N.W.T. /$cby David Robert Gray.
=264  \1$c[1973]
=264  \4$c©1973
=300  \\$a1 online resource (xvii, 212 pages) :$billustrations, maps
=336  \\$atext$btxt$2rdacontent
=337  \\$acomputer$bc$2rdamedia
=338  \\$aonline resource$bcr$2rdacarrier
=500  \\$a"A thesis submitted to the Faculty of Graduate Studies and Research in partial fulfilment of the requirements for the degree of Doctor of Philosophy, Department of Zoology."
=502  \\$bPh. D.$cUniversity of Alberta$d1973.
=504  \\$aIncludes bibliographical references (pages 181-188).
=650  \0$aMuskox$xBehavior.
=650  \0$aMuskox populations.
=710  2\$aUniversity of Alberta.$bDepartment of Zoology.
=900  \\$aNK15241
=949  \\$zUAIN$zETHESIS

