=LDR  01162ntm a2200313Ii 4500
=001  uab09277242
=003  UAB
=005  20141009204927.0
=006  m|||||o||d||||||||
=007  cr||||||||||||
=008  141009t19741974xx\ad\\\obm\\\000\0\eng\d
=040  \\$aUAB$beng$erda$cUAB
=050  \4$aQR185.8.L9$bW66 1974
=090  \\$aInternet Access$bAEU
=100  1\$aWong, See-Yong,$eauthor.
=245  10$aAdherence of chicken lymphocytes to surfaces /$cby See-Yong Wong.
=264  \1$c[1974]
=264  \4$c©1974
=300  \\$a1 online resource (xii, 178 pages) :$billustrations
=336  \\$atext$btxt$2rdacontent
=337  \\$acomputer$bc$2rdamedia
=338  \\$aonline resource$bcr$2rdacarrier
=500  \\$a"A thesis submitted to the Faculty of Graduate Studies and Research in partial fulfilment of the requirements for the degree of Doctor of Philosophy in Immunology, Department of Zoology."
=502  \\$bPh. D.$cUniversity of Alberta$d1974.
=504  \\$aIncludes bibliographical references (pages 167-178).
=650  \0$aLymphocytes.
=650  \0$aChickens$xPhysiology.
=710  2\$aUniversity of Alberta.$bDepartment of Zoology.
=900  \\$aNK21139
=949  \\$zUAIN$zETHESIS

