=LDR  01259ntm a2200313Ii 4500
=001  uab09275956
=003  UAB
=005  20141007104836.0
=006  m|||||o||d||||||||
=007  cr||||||||||||
=008  141007t19721972xx\a\\\\obm\\\000\0\eng\d
=040  \\$aUAB$beng$erda$cUAB
=050  \4$aQL391.A2$bB48 1972
=090  \\$aInternet Access$bAEU
=100  1\$aBethel, William Mack,$eauthor.
=245  10$aAltered behaviour leading to selective predation of amphipods infected with acanthocephalans, with special reference to Polymorphus paradoxus /$cby William Mack Bethel.
=264  \1$c[1972]
=264  \4$c©1972
=300  \\$a1 online resource (91 pages) :$billustrations
=336  \\$atext$btxt$2rdacontent
=337  \\$acomputer$bc$2rdamedia
=338  \\$aonline resource$bcr$2rdacarrier
=500  \\$a"A thesis submitted to the Faculty of Graduate Studies and Research in partial fulfilment of the requirements for the degree of Doctor of Philosophy, Department of Zoology."
=502  \\$bPh. D.$cUniversity of Alberta$d1972.
=504  \\$aIncludes bibliographical references (pages 85-88).
=650  \0$aAcanthocephala$xBehavior.
=650  \0$aTapeworm infections.
=710  2\$aUniversity of Alberta.$bDepartment of Zoology.
=900  \\$aNK13298
=949  \\$zUAIN$zETHESIS

