=LDR  01316ntm a2200313Ii 4500
=001  uab09277344
=003  UAB
=005  20141010130216.0
=006  m|||||o||d||||||||
=007  cr||||||||||||
=008  141010t19751975xx\af\\\obm\\\000\0\eng\d
=040  \\$aUAB$beng$erda$cUAB
=050  \4$aQL966$b.A89 1975
=090  \\$aInternet Access$bAEU
=100  1\$aAtwood, David Grattan,$eauthor.
=245  10$aSpermatogenesis and EGG investments in Leptosynapta clarki, Cucumaria lubrica and Cucumaria pseudocurata :$b(Echinodermata : Holothuroidea), with a note on acrosomal reactions /$cby David Grattan Atwood.
=264  \1$c[1975]
=264  \4$c©1975
=300  \\$a1 online resource (xii, 202 pages, 7 pages of plates) :$billustrations
=336  \\$atext$btxt$2rdacontent
=337  \\$acomputer$bc$2rdamedia
=338  \\$aonline resource$bcr$2rdacarrier
=500  \\$a"A thesis submitted to the Faculty of Graduate Studies and Research in partial fulfilment of the requirements for the degree of Doctor of Philosophy, Department of Zoology."
=502  \\$bPh. D.$cUniversity of Alberta$d1975.
=504  \\$aIncludes bibliographical references (pages 186-190).
=650  \0$aSpermatogenesis in animals.
=650  \0$aSea cucumbers.
=710  2\$aUniversity of Alberta.$bDepartment of Zoology.
=900  \\$aNK23978
=949  \\$zUAIN$zETHESIS

