=LDR  01381ntm a2200361Ii 4500
=001  uab09275446
=003  UAB
=005  20141003235135.0
=006  m|||||o||d||||||||
=007  cr||||||||||||
=008  141003t19711971xx\ad\\\obm\\\000\0\eng\d
=040  \\$aUAB$beng$erda$cUAB
=050  \4$aRC684.V38$bK37 1971
=090  \\$aInternet Access$bAEU
=100  1\$aKarpinski, Edward,$eauthor.
=245  10$aMeasurement of vasodilatation in the submaxillary gland of the cat /$cby Edward Karpinski.
=264  \1$c[1971]
=264  \4$c©1971
=300  \\$a1 online resource (107 pages) :$billustrations
=336  \\$atext$btxt$2rdacontent
=337  \\$acomputer$bc$2rdamedia
=338  \\$aonline resource$bcr$2rdacarrier
=500  \\$a"A thesis submitted to the Faculty of Graduate Studies and Research in partial fulfilment of the requirements for the degree of Doctor of Philosophy, Departments of Physiology and Electrical Engineering."
=502  \\$bPh. D.$cUniversity of Alberta$d1971.
=504  \\$aIncludes bibliographical references (pages 84-93).
=650  \0$aVasodilators.
=650  \0$aBlood-vessels$xDilatation.
=650  \0$aSubmandibular gland.
=650  \0$aThermistors.
=650  \0$aFlow meters.
=710  2\$aUniversity of Alberta.$bDepartment of Physiology.
=710  2\$aUniversity of Alberta.$bDepartment of Electrical Engineering.
=900  \\$aNK08090
=949  \\$zUAIN$zETHESIS

