=LDR  01284ntm a2200325Ii 4500
=001  uab09274843
=003  UAB
=005  20141002144107.0
=006  m|||||o||d||||||||
=007  cr||||||||||||
=008  141002t19691969xx\ad\\\obm\\\000\0\eng\d
=040  \\$aUAB$beng$erda$cUAB
=050  \4$aRM345$b.M53 1969
=090  \\$aInternet Access$bAEU
=100  1\$aMidha, Kamal Kishore,$eauthor.
=245  14$aThe synthesis, properties, and pharmacological evaluation of some new hypotensive agents /$cby Kamal Kishore Midha.
=264  \1$c[1969]
=264  \4$c©1969
=300  \\$a1 online resource (167 pages) :$billustrations
=336  \\$atext$btxt$2rdacontent
=337  \\$acomputer$bc$2rdamedia
=338  \\$aonline resource$bcr$2rdacarrier
=500  \\$a"A thesis submitted to the Faculty of Graduate Studies and Research in partial fulfilment of the requirements for the degree of Doctor of Philosophy, Faculty of Pharmacy and Pharmaceutical Sciences."
=502  \\$bPh. D.$cUniversity of Alberta$d1969.
=504  \\$aIncludes bibliographical references (pages 158-167).
=650  \0$aHypotensive agents.
=650  \0$aEsters.
=650  \0$aGanglionic blocking agents.
=710  2\$aUniversity of Alberta.$bFaculty of Pharmacy and Pharmaceutical Sciences.
=900  \\$aNK04955
=949  \\$zUAIN$zETHESIS

