=LDR  01241ntm a2200313Ii 4500
=001  uab09277131
=003  UAB
=005  20141009174241.0
=006  m|||||o||d||||||||
=007  cr||||||||||||
=008  141009t19741974xx\ad\\\obm\\\000\0\eng\d
=040  \\$aUAB$beng$erda$cUAB
=050  \4$aQP702.G56$bM36 1974
=090  \\$aInternet Access$bAEU
=100  1\$aMannan, Abdul,$eauthor.
=245  14$aThe influence of sub-total nephrectomy on glucose metabolism in rats /$cby Abdul Mannan.
=264  \1$c[1974]
=264  \4$c©1974
=300  \\$a1 online resource (xx, 346 pages) :$billustrations
=336  \\$atext$btxt$2rdacontent
=337  \\$acomputer$bc$2rdamedia
=338  \\$aonline resource$bcr$2rdacarrier
=500  \\$a"A thesis submitted to the Faculty of Graduate Studies and Research in partial fulfilment of the requirements for the degree of Doctor of Philosophy in Bionucleonics, Faculty of Pharmacy and Pharmaceutical Sciences."
=502  \\$bPh. D.$cUniversity of Alberta$d1974.
=504  \\$aIncludes bibliographical references (pages 278-304).
=650  \0$aGlucose$xMetabolism.
=650  \0$aKidneys$xSurgery.
=710  2\$aUniversity of Alberta.$bFaculty of Pharmacy and Pharmaceutical Sciences.
=900  \\$aNK21062
=949  \\$zUAIN$zETHESIS

