=LDR  01300ntm a2200337Ii 4500
=001  uab09276126
=003  UAB
=005  20141007160657.0
=006  m|||||o||d||||||||
=007  cr||||||||||||
=008  141007t19721972xx\ad\\\obm\\\000\0\eng\d
=040  \\$aUAB$beng$erda$cUAB
=050  \4$aQD305.A2$bH46 1972
=090  \\$aInternet Access$bAEU
=100  1\$aHenderson, Donna Belle,$eauthor.
=245  10$aSynthesis and pharmacology of some esters related to acetylcholine /$cby Donna Belle Henderson.
=264  \1$c[1972]
=264  \4$c©1972
=300  \\$a1 online resource (viii, 235 pages) :$billustrations
=336  \\$atext$btxt$2rdacontent
=337  \\$acomputer$bc$2rdamedia
=338  \\$aonline resource$bcr$2rdacarrier
=500  \\$a"A thesis submitted to the Faculty of Graduate Studies and Research in partial fulfilment of the requirements for the degree of Doctor of Philosophy, Faculty of Pharmacy and Pharmaceutical Sciences."
=502  \\$bPh. D.$cUniversity of Alberta$d1972.
=504  \\$aIncludes bibliographical references (pages 226-235).
=650  \0$aEsters$xSynthesis.
=650  \0$aAcetylcholine$xSynthesis.
=650  \0$aMuscarine.
=650  \0$aNicotine.
=710  2\$aUniversity of Alberta.$bFaculty of Pharmacy and Pharmaceutical Sciences.
=900  \\$aNK13403
=949  \\$zUAIN$zETHESIS

