=LDR  01322ntm a2200313Ii 4500
=001  uab09277420
=003  UAB
=005  20141010152729.0
=006  m|||||o||d||||||||
=007  cr||||||||||||
=008  141010t19751975xx\ad\\\obm\\\000\0\eng\d
=040  \\$aUAB$beng$erda$cUAB
=050  \4$aRM301.5$b.G53 1975
=090  \\$aInternet Access$bAEU
=100  1\$aGidwani, Ram Nanikram,$eauthor.
=245  10$aSolid dispersions of drugs :$ba determination of physical characteristics and certain pharmacokinetic parameters of selected systems /$cby Ram Nanikram Gidwani.
=264  \1$c[1975]
=264  \4$c©1975
=300  \\$a1 online resource (xvi, 225 pages) :$billustrations
=336  \\$atext$btxt$2rdacontent
=337  \\$acomputer$bc$2rdamedia
=338  \\$aonline resource$bcr$2rdacarrier
=500  \\$a"A thesis submitted to the Faculty of Graduate Studies and Research in partial fulfilment of the requirements for the degree of Doctor of Philosophy in Biopharmaceutics, Faculty of Pharmacy and Pharmaceutical Sciences."
=502  \\$bPh. D.$cUniversity of Alberta$d1975.
=504  \\$aIncludes bibliographical references (pages [175]-180).
=650  \0$aPharmacokinetics.
=650  \0$aDrugs$xAnalysis.
=710  2\$aUniversity of Alberta.$bFaculty of Pharmacy and Pharmaceutical Sciences.
=900  \\$aNK24036
=949  \\$zUAIN$zETHESIS

