=LDR  01268ntm a2200325Ii 4500
=001  uab09276612
=003  UAB
=005  20141008184527.0
=006  m|||||o||d||||||||
=007  cr||||||||||||
=008  141008t19731973xx\ad\\\obm\\\000\0\eng\d
=040  \\$aUAB$beng$erda$cUAB
=050  \4$aQP550$b.C48 1973
=090  \\$aInternet Access$bAEU
=100  1\$aChu, Ih,$eauthor.
=245  10$aSynthesis and pharmacology of some acetylcholine analogs and neuromuscular blocking agents /$cby Ih Chu.
=264  \1$c[1973]
=264  \4$c©1973
=300  \\$a1 online resource (xi, 219 pages) :$billustrations
=336  \\$atext$btxt$2rdacontent
=337  \\$acomputer$bc$2rdamedia
=338  \\$aonline resource$bcr$2rdacarrier
=500  \\$a"A thesis submitted to the Faculty of Graduate Studies and Research in partial fulfilment of the requirements for the degree of Doctor of Philosophy, Faculty of Pharmacy and Pharmaceutical Sciences."
=502  \\$bPh. D.$cUniversity of Alberta$d1973.
=504  \\$aIncludes bibliographical references (pages 211-219).
=650  \0$aAcetylcholine.
=650  \0$aNeuromuscular blocking agents.
=650  \0$aPharmacology.
=710  2\$aUniversity of Alberta.$bFaculty of Pharmacy and Pharmaceutical Sciences.
=900  \\$aNK15205
=949  \\$zUAIN$zETHESIS

