=LDR  01305ntm a2200325Ii 4500
=001  uab09277623
=003  UAB
=005  20141013062259.0
=006  m|||||o||d||||||||
=007  cr||||||||||||
=008  141013t19751975xx\ad\\\obm\\\000\0\eng\d
=040  \\$aUAB$beng$erda$cUAB
=050  \4$aRM301.5$b.M37 1975
=090  \\$aInternet Access$bAEU
=100  1\$aMasih, Shabir Zahoor,$eauthor.
=245  14$aThe biopharmaceutics and pharmacokinetics of some substituted succinimides in male wistar rats /$cby Shabir Zahoor Masih.
=264  \1$c[1975]
=264  \4$c©1975
=300  \\$a1 online resource (xviii, 220 pages) :$billustrations
=336  \\$atext$btxt$2rdacontent
=337  \\$acomputer$bc$2rdamedia
=338  \\$aonline resource$bcr$2rdacarrier
=500  \\$a"A thesis submitted to the Faculty of Graduate Studies and Research in partial fulfilment of the requirements for the degree of Doctor of Philosophy in Biopharmaceutics, Faculty of Pharmacy and Pharmaceutical Sciences."
=502  \\$bPh. D.$cUniversity of Alberta$d1975.
=504  \\$aIncludes bibliographical references (pages 165-172).
=650  \0$aPharmacokinetics.
=650  \0$aBiopharmaceutics.
=650  \0$aRats.
=710  2\$aUniversity of Alberta.$bFaculty of Pharmacy and Pharmaceutical Sciences.
=900  \\$aNK26844
=949  \\$zUAIN$zETHESIS

