=LDR  01202ntm a2200313Ii 4500
=001  uab09274596
=003  UAB
=005  20141001194709.0
=006  m|||||o||d||||||||
=007  cr||||||||||||
=008  141001t19691969xx\af\\\obm\\\000\0\eng\d
=040  \\$aUAB$beng$erda$cUAB
=043  \\$an-cn---
=050  \4$aGV585$b.L56 1969
=090  \\$aInternet Access$bAEU
=100  1\$aLindsay, Peter Leslie,$eauthor.
=245  12$aA history of sport in Canada, 1807-1867 /$cby Peter Leslie Lindsay.
=264  \1$c[1969]
=264  \4$c©1969
=300  \\$a1 online resource (xi, 433 pages, 18 pages of plates) :$billustrations
=336  \\$atext$btxt$2rdacontent
=337  \\$acomputer$bc$2rdamedia
=338  \\$aonline resource$bcr$2rdacarrier
=500  \\$a"A thesis submitted to the Faculty of Graduate Studies and Research in partial fulfilment of the requirements for the degree of Doctor of Philosophy, Faculty of Physical Education."
=502  \\$bPh. D.$cUniversity of Alberta$d1969.
=504  \\$aIncludes bibliographical references (pages [400]-411).
=650  \0$aSports$zCanada$xHistory$y19th century.
=710  2\$aUniversity of Alberta.$bFaculty of Physical Education.
=900  \\$aNK04949
=949  \\$zUAIN$zETHESIS

