=LDR  01293ntm a2200325Ii 4500
=001  uab09275195
=003  UAB
=005  20141003111230.0
=006  m|||||o||d||||||||
=007  cr||||||||||||
=008  141003t19711971xx\ad\\\obm\\\000\0\eng\d
=040  \\$aUAB$beng$erda$cUAB
=050  \4$aBF295$b.M33 1971
=090  \\$aInternet Access$bAEU
=100  1\$aMcClements, James Daniel,$eauthor.
=245  14$aThe effect of active and passive movement within and between visual and kinesthetic modalities on a distance reproduction task /$cby James Daniel McClements.
=264  \1$c[1971]
=264  \4$c©1971
=300  \\$a1 online resource (127 pages) :$billustrations
=336  \\$atext$btxt$2rdacontent
=337  \\$acomputer$bc$2rdamedia
=338  \\$aonline resource$bcr$2rdacarrier
=500  \\$a"A dissertation submitted to the Faculty of Graduate Studies in partial fulfilment of the requirements for the degree of Doctor of Philosophy, Faculty of Physical Education."
=502  \\$bPh. D.$cUniversity of Alberta$d1971.
=504  \\$aIncludes bibliographical references (pages 79-84).
=650  \0$aMovement sequences.
=650  \0$aPerceptual-motor learning.
=650  \0$aVisual learning.
=710  2\$aUniversity of Alberta.$bFaculty of Physical Education.
=900  \\$aNK09611
=949  \\$zUAIN$zETHESIS

